2060 2600
221 193 279 226 512
798 178 1291 221 ORATIO-¹

226 291 341 332 nium
363 289 602 343 reperiemus
609 294 628 338 3
652 286 729 328 nisi
747 291 791 325 ut
811 297 927 335 eum,
953 287 1137 339 quamvis
1162 286 1205 325 in
1231 284 1381 338 dIspari
1397 286 1540 337 genere
1548 294 1568 335 ς.
1590 287 1767 339 proxime
1798 289 1851 330 ad

226 356 395 404 Homeri
408 355 566 396 laudem
588 352 796 394 accessisse
808 352 999 393 dicamus.
1029 352 1171 406 Igitur,
1194 351 1431 404 simulatque
1449 350 1513 391 hic
1528 350 1755 394 fabularum
1772 369 1853 395 non

226 432 383 464 tantum
399 430 668 473 argumentum
691 433 713 456 a
740 418 916 456 Deorum
945 427 982 456 et
1009 419 1183 456 Heroum
1214 418 1329 455 factis
1366 426 1579 467 repeteret,
1609 432 1658 456 ac
1677 421 1855 460 subinde

229 488 379 530 avitam
392 484 691 527 Atheniensium
709 482 750 522 in
770 483 874 522 omni
893 496 1033 536 genere
1052 482 1213 523 virtutis
1235 482 1401 535 gloriam
1427 482 1740 525 luculentissime
1755 498 1854 537 pro-

223 561 413 605 poneret,
439 551 507 589 sed
526 558 560 588 et
579 549 728 587 scenico
753 557 945 600 apparatu
959 577 976 596 ,
1002 548 1177 597 theatro,
1207 546 1351 585 Choris
1370 546 1725 599 splendidioribus,
1747 549 1853 590 Dio-

223 619 431 671 nysiorum
448 615 641 655 licentiam
658 628 735 653 non
753 613 870 653 modo
883 612 1093 666 corrigeret
1105 643 1118 662 ,
1148 612 1217 652 sed
1230 612 1452 651 honestaret
1471 613 1586 653 etiam
1595 644 1610 664 ,
1638 614 1853 656 incredibi-

224 685 267 724 le
290 684 396 723 dictu
426 690 483 720 est
507 688 698 734 quantum
726 679 854 732 ipsius
875 678 1096 731 exemplum
1125 678 1174 717 ad
1195 678 1364 717 aliorum
1383 691 1539 732 operam
1562 688 1599 720 et
1615 680 1854 722 industriam

225 748 466 795 excitandam
484 747 677 795 valuerit,
707 754 934 798 quantoque
954 745 1084 783 studio
1106 743 1250 782 Bacchi
1271 745 1372 783 festa
1394 758 1472 783 non
1499 745 1629 784 dicam
1646 745 1696 785 ab
1723 747 1852 786 Athe--

223 812 426 855 niensibus
436 842 450 862 ,
481 811 550 850 sed
568 809 620 849 ah
637 810 834 851 universis
856 810 933 863 (*)
962 809 1128 850 Graecis
1145 810 1313 862 expetita
1333 810 1423 850 sint.
1477 809 1533 851 Et
1547 811 1741 864 Aeschyli
1759 814 1859 866 qui-v

223 880 311 919 dem
327 878 665 932 grandiloquentia
685 891 730 916 eo
750 877 877 929 magis
901 885 988 914 tum
1009 875 1212 928 placebat,
1251 877 1358 928 quod
1384 878 1425 915 in
1451 891 1538 916 eam
1561 886 1727 918 aetatem
1753 880 1857 918 inci·

222 944 368 993 disset,
398 957 500 997 quae
520 943 663 983 Persa-s
689 955 842 981 summa
867 934 1427 981 Atheniensium‘fortitudine
1451 943 1591 995 pulsos
1614 944 1857 997 fugatosque-

218 1009 374 1049 viderat
385 1039 403 1059 ,
430 1018 478 1048 ut.
497 1010 671 1048 omnium
690 1007 808 1047 animi
831 1021 974 1060 magna
1006 1009 1177 1060 quaevis
1201 1017 1237 1046 et
1263 1008 1437 1050 illustria
1467 1010 1658 1062 agitarent
1675 1019 1712 1049 et
1731 1012 1857 1050 senti-

216 1085 319 1115 rent.
373 1075 451 1113 Sed
469 1075 579 1112 chori
597 1075 638 1110 in
654 1074 795 1125 primis
812 1082 922 1111 erant
931 1102 946 1122 ,
975 1074 1016 1112 in
1031 1072 1180 1124 quibus
1194 1070 1433 1108 instruendis
1453 1078 1489 1108 et
1509 1071 1733 1112 erudiendis
1751 1075 1850 1115 civi-

218 1150 283 1182 tas
301 1140 387 1192 ipsa
410 1138 598 1177 universa
619 1150 812 1175 summam
832 1149 965 1173 curam
982 1150 1127 1185 ponere
1146 1135 1313 1174 solebat.
1344 1134 1422 1174 Cui
1443 1135 1500 1173 rei
1520 1135 1544 1172 ὰ
1565 1136 1739 1188 singulis
1753 1138 1858 1178 Tri-

217 1205 355 1246 bubus
373 1203 553 1254 Choragi
569 1198 897 1253 praeficiebantur
922 1199 942 1235 ὲ
966 1198 1178 1237 ditioribus
1198 1199 1375 1238 civibus:
1406 1212 1573 1251 quorum
1592 1201 1632 1238 in
1652 1201 1739 1253 ipso
1761 1216 1858 1242 mu·-

217 1284 311 1312 nere
336 1268 578 1321 diligentiam
600 1275 635 1304 et
656 1264 903 1316 splendorem
922 1277 1037 1315 saepe
1067 1265 1257 1304 victoriae
1283 1265 1373 1303 l-aus
1403 1264 1664 1317 sequebatur,
1695 1269 1792 1320 quin
1814 1278 1852 1309 et

217 1334 418 1387 largitioni
437 1341 475 1370 et
491 1330 800 1382 magnificentiae
819 1328 928 1366 haud
951 1341 1042 1367 raro
1064 1329 1329 1368 multitudinis
1340 1329 1635 1381 benevolentia,
1660 1345 1857 1374 summae--

219 1415 299 1454 que
324 1400 365 1439 in
389 1395 590 1449 republica
616 1394 859 1434 auctoritatis
889 1407 977 1445 spes
1000 1402 1038 1432 et
1059 1394 1273 1445 amplitudo
1301 1395 1495 1435 honorum
1521 1400 1727 1450 proposita
1749 1409 1851 1439 erat.

219 1466 357 1505 Tanta
370 1461 592 1502 habebatur
607 1474 741 1500 eorum
756 1474 844 1500 cum
856 1458 1053 1513 dignitas,
1067 1468 1151 1498 tum
1168 1461 1343 1500 studium
1358 1463 1415 1501 rei
1425 1463 1629 1516 publicae.
1653 1465 1753 1514 Quo·
1763 1465 1856 1506 loco

220 1530 517 1574 Atheniensium
533 1530 729 1568 levitatem
743 1528 880 1565 mirari
891 1537 1040 1580 oportet
1049 1558 1067 1578 ,
1082 1542 1205 1580 quam
1213 1529 1329 1567 nulla
1341 1531 1523 1582 graviora
1538 1531 1669 1569 studia
1678 1560 1692 1579 ,
1713 1532 1858 1571 nullae·

218 1597 403 1651 publicae
420 1595 684 1643 calamitates,
707 1607 784 1632 non
803 1594 889 1645 ipsa
910 1594 1010 1632 ratio
1023 1594 1261 1632 civitatisvad
1272 1593 1717 1648 liberrimumpopulare
1727 1598 1864 1649 impe-.

220 1664 326 1704 rium
337 1669 585 1708 commutata,
597 1668 810 1710 temperare
818 1660 962 1710 potuit.
990 1660 1121 1711 lgitur
1128 1661 1344 1710 praesentis
1356 1662 1540 1712 temporis
1554 1661 1757 1713 voluptate
1765 1676 1859 1701 ma·-

221 1730 418 1780 ximopere
430 1725 769 1765 commovebantur
781 1741 790 1764 :
806 1723 1060 1776 publicorum
1071 1725 1255 1763 ludorum
1267 1735 1454 1777 tempora,
1467 1730 1628 1777 patrtess,
1641 1728 1856 1779 magistra--

219 1805 285 1836 tus
294 1825 311 1844 ,
327 1791 536 1832 certamina
549 1821 563 1840 ,
582 1790 710 1829 omnia
724 1790 841 1829 certis
856 1788 1013 1843 legibus
1028 1788 1139 1828 finita
1154 1799 1191 1829 et
1205 1790 1422 1843 descripta,
1448 1794 1550 1831 mira
1563 1792 1738 1832 omnium
1755 1793 1857 1833 dili--

220 1860 351 1913 gentia
363 1866 401 1896 et
417 1856 650 1894 contentione
668 1855 1067 1904 administrabantur,
1086 1858 1349 1909 nequicquam
1370 1870 1483 1908 saepe
1498 1858 1736 1909 reipublicae
1748 1867 1853 1896 tem-

220 1924 389 1979 poribus
405 1922 652 1976 privatorum
671 1935 825 1974 operam
846 1930 883 1960 et
900 1935 992 1974 opes
1011 1920 1286 1975 flagitantibus
1301 1922 1398 1976 (ἢ),
1438 1921 1533 1964 Tali
1551 1924 1705 1977 ingenio
1724 1938 1859 1977 quum.

1723 1990 1858 2030 Athe-

268 2099 289 2141 (
299 2095 348 2141 *)
370 2105 527 2131 ›mmx-
552 2092 645 2129 Ad'v.
674 2094 814 2141 ctesiph.
840 2097 875 2128 T.
888 2097 945 2129 ΙΙΙ.
961 2107 1002 2141 p.
1026 2095 1105 2139 428.
1132 2093 1210 2140 4383

265 2156 360 2205 (⁴⁴⁶)
380 2164 552 2193 naucerus
575 2152 725 2203 Phihppi
749 2156 773 2191 L
800 2156 841 2195 T,
855 2156 881 2189 L
901 2166 939 2202 p,
952 2153 1012 2192 50,
