2060 2600
227 164 283 207 ,ιδ
800 163 840 202 o
894 164 934 202 R
986 131 1119 205 Affr
1159 164 1193 203 .1
1244 164 1303 204 o:

232 269 348 310 bram
368 268 570 321 paullatim
591 276 650 307 est
667 268 837 308 detrusa.
884 268 976 308 rEst
995 268 1168 320 profecto
1189 268 1523 320 praestantissima
1541 270 1725 311 historiae
1744 274 1859 324 laus;

233 348 316 389 qua
352 334 523 374 veritatis
550 333 717 383 nuncia,
753 334 941 375 memoria
971 334 1173 374 vetustatis
1199 333 1361 374 dicitur:
1401 334 1702 380 Atheniensium
1720 338 1859 380 levitas

235 402 287 440 ad
311 400 494 440 historiae
522 400 722 439 veritatem
753 399 949 451 frigebat,
976 399 1240 451 majoremque
1264 398 1379 438 fidem
1405 399 1572 441 faciebat
1595 401 1764 443 illustris
1785 405 1858 446 illa

233 465 410 510 ¹veritatis
441 464 625 513 imitatio,
652 478 732 516 qua
762 472 843 504 tam
871 464 1014 506 vividis
1037 463 1238 507 ,coloribus
1266 473 1430 504 naturae
1446 466 1518 506 ris
1545 468 1856 520 exprimebatur,

240 541 285 572 ut
312 529 495 572 sensibus
510 530 606 583 ipsis
623 528 899 582 subjiceretur.
953 532 1084 584 Atque
1102 530 1174 569 Dii
1192 528 1305 569 boni!
1331 538 1479 583 quanta
1498 530 1721 574 efficacitas!
1775 535 1859 587 Ipsi

232 605 455 651 praesentes
484 608 724 636 summorum
763 597 942 635 virorum
971 608 1088 635 casus
1117 593 1391 645 intuebantur,
1428 596 1702 638 lamentatione
1723 613 1857 641 move-

232 661 405 713 bantur,
432 662 567 703 furore
586 660 855 712 terrebantur,
885 661 1032 702 seelera
1064 659 1406 715 exhorrescebant,
1432 662 1630 708 fortunam
1658 667 1857 713 comatae-2

239 729 449 772 rabantur:
478 729 672 783 fiebatque
692 729 820 778 illud,
850 729 955 780 quod
976 728 1164 768 Horatius
1183 728 1256 767 ait:

525 862 585 902 Ut
610 862 836 902 ridentibus·
851 862 1063 911 arrident,
1091 864 1146 900 sie
1156 862 1350 913 flentibus
1369 863 1536 915 adflent.

293 992 513 1034 Affectibus
536 995 678 1033 ciendis
696 995 939 1046 potissimum
958 994 1201 1047 Tragoedias
1217 993 1382 1034 officium
1399 994 1682 1045 continebatur,
1695 997 1862 1035 maxime

238 1061 398 1100 terroris
418 1070 453 1099 et
476 1060 831 1100 commiserationis.
885 1062 1015 1113 Atque
1036 1060 1086 1098 ad
1107 1073 1196 1106 coe,
1225 1065 1270 1094 ut
1294 1059 1344 1094 ad
1370 1060 1547 1108 reliquas
1567 1062 1683 1097 animi
1702 1070 1861 1111 pertur-

236 1124 412 1163 bationes
424 1153 437 1172 ,
466 1132 605 1162 natura
624 1136 699 1161 nos
717 1124 802 1172 ipsa
822 1123 1026 1161 formavit.-
1056 1124 1202 1171 quique
1218 1133 1283 1157 eas
1299 1133 1375 1157 non
1393 1121 1595 1159 naturales
1615 1123 1747 1160 dixere
1766 1124 1857 1173 phi-

235 1188 389 1241 losophi
398 1218 412 1238 ,
452 1187 664 1235 acerrimo,
702 1185 860 1238 opinor,
898 1184 1150 1224 contentionis
1177 1184 1329 1233 studio,
1368 1193 1437 1223 aut
1462 1185 1566 1224 falsa
1594 1187 1775 1239 quadam'
1793 1201 1858 1228 sa-

234 1256 397 1309 pientiae
417 1254 596 1306 opinione
615 1260 844 1290 statuerunt.
883 1251 961 1290 Sed
978 1258 1021 1289 ut
1040 1249 1131 1288 boni
1152 1250 1351 1301 opinione,
1373 1258 1409 1289 et
1426 1251 1636 1303 voluptatis
1651 1253 1733 1292 sive
1741 1266 1859 1304 prae-

233 1321 351 1362 sentis
373 1321 456 1359 sive
473 1319 631 1356 futurae
642 1347 655 1364 ,
683 1317 737 1355 ita
756 1329 868 1367 saepe
885 1315 950 1353 vel
968 1313 1163 1353 efferimur
1180 1315 1245 1354 vel
1263 1314 1455 1366 jardemus
1467 1345 1481 1364 ‚
1510 1324 1553 1354 ut
1573 1316 1769 1357 honestate
1794 1332 1861 1359 re-

235 1386 350 1433 licta,
379 1384 420 1422 in
438 1381 717 1433 turpitudinem
741 1380 982 1430 incidamu33
1009 1380 1066 1418 sic
1083 1388 1210 1417 metus
1228 1393 1274 1418 ac
1293 1380 1439 1419 doloris
1459 1383 1729 1420 commotiones
1748 1385 1859 1422 salu-
1921 1416 1927 1420 .

235 1460 354 1492 tarem
388 1448 500 1487 illam
529 1446 645 1486 animi
673 1444 967 1485 contractionem
995 1444 1155 1497 pariunt
1179 1452 1216 1483 et
1247 1443 1486 1494 molestiam,
1524 1458 1604 1498 qua
1633 1446 1793 1486 virtutis
1819 1457 1858 1490 et

235 1515 441 1555 modestiae
474 1513 617 1553 semina
648 1511 848 1551 eliciantur
875 1519 912 1550 et
942 1518 1217 1549 maturescant.
1271 1510 1395 1562 Igitur
1414 1525 1490 1549 non
1508 1520 1658 1550 tantum
1677 1515 1858 1553 resistere

236 1577 581 1622 vehementioribus
606 1576 727 1619 animi
754 1575 948 1625 motibus,
974 1575 1104 1629 iisque
1130 1574 1254 1615 veluti
1287 1575 1441 1616 frenum
1470 1574 1665 1630 quoddam
1692 1578 1857 1619 rationis

233 1647 415 1699 injicere,
453 1643 662 1695 sapientiae
699 1640 875 1682 habitum
913 1649 969 1678 est
980 1653 994 1690 ;
1031 1641 1099 1679 sed
1135 1650 1171 1679 et
1208 1641 1544 1692 perturlmtionum
1578 1642 1859 1683 mediocritates

238 1713 399 1751 scienter
422 1709 471 1750 ad
490 1707 667 1759 cujusvis
693 1706 853 1746 virtutis
880 1704 1066 1745 adhibere
1089 1705 1383 1757 perfectionem,
1413 1720 1456 1746 ea
1473 1706 1627 1746 demum
1651 1708 1858 1748 utilissima

238 1786 296 1816 est
311 1774 577 1827 philosophiae
595 1772 816 1823 disciplina.
871 1771 958 1810 Hoc
976 1770 1199 1824 Tragoedia
1216 1770 1455 1823 praestabat.
1493 1772 1710 1811 Promethei
1730 1785 1859 1825 quana

237 1851 277 1882 ta
302 1842 455 1879 fuerant
488 1839 529 1878 in
558 1838 756 1877 hominum
791 1836 911 1877 vitam
937 1835 1145 1876 beneficia!
1201 1835 1345 1877 Talem
1364 1850 1409 1876 ac
1425 1845 1575 1888 tantum
1592 1839 1724 1878 virum
1745 1839 1858 1879 Jovis

238 1905 513 1951 crudelissimo
533 1903 690 1954 imperio
709 1902 874 1950 vexari,
904 1915 950 1941 ac
980 1901 1105 1942 foedis
1131 1901 1304 1941 vinculis
1332 1911 1369 1941 et
1394 1902 1634 1945 cruciatibus
1656 1905 1855 1955 torqueri,

238 1980 498 2025 spectatorum
536 1968 683 2008 animos
711 1981 785 2009 non
814 1975 967 2008 tantum
1000 1966 1152 2019 egregie
1181 1965 1420 2008 sollicitabat
1435 1998 1450 2017 ,
1489 1977 1526 2008 et
1556 1969 1858 2010 commiseratio-

238 2041 301 2082 nis
323 2050 439 2079 sensu
458 2033 741 2087 perfundebat,
771 2033 838 2072 sed
861 2041 896 2071 et
921 2033 1098 2084 ipsorum
1120 2033 1298 2071 miserias
1327 2033 1616 2072 ‘tolerabiliores
1645 2035 1853 2084 reddebat,

244 2114 290 2146 ut
315 2104 392 2143 nisi
420 2102 538 2154 plane
565 2099 799 2150 abstergeret
822 2100 926 2138 vitae
960 2098 1184 2149 molestiae,
1213 2107 1314 2137 certe
1343 2100 1532 2153 aequiore'
1548 2100 1676 2144 animo
1697 2100 1854 2140 ferrent.

1724 2165 1859 2213 Quid,
