<?xml version="1.0" encoding="UTF-8"?>
<!DOCTYPE html PUBLIC "-//W3C//DTD XHTML 1.0 Transitional//EN"
    "http://www.w3.org/TR/xhtml1/DTD/xhtml1-transitional.dtd">
<html xmlns="http://www.w3.org/1999/xhtml" xml:lang="en" lang="en">
 <head>
  <title>
</title>
<meta http-equiv="Content-Type" content="text/html;charset=utf-8" />
  <meta name='ocr-system' content='tesseract 3.04.00' />
  <meta name='ocr-capabilities' content='ocr_page ocr_carea ocr_par ocr_line ocrx_word'/>
</head>
<body>
  <div class='ocr_page' id='page_1' title='image "4627230_0016.png"; bbox 0 0 2060 2600; ppageno 0'>
   <div class='ocr_carea' id='block_1_1' title="bbox 194 183 1292 226">
    <p class='ocr_par' dir='ltr' id='par_1_1' title="bbox 194 183 1292 226">
     <span class='ocr_line' id='line_1_1' title="bbox 194 183 1292 226; baseline -0.004 0"><span class='ocrx_word' id='word_1_1' title='bbox 194 190 241 226; x_wconf 86' lang='lat'>-8</span> <span class='ocrx_word' id='word_1_2' title='bbox 792 183 1292 223; x_wconf 64' lang='lat' dir='ltr'>oflATla</span> 
     </span>
    </p>
   </div>
   <div class='ocr_carea' id='block_1_2' title="bbox 217 286 1858 2177">
    <p class='ocr_par' dir='ltr' id='par_1_2' title="bbox 219 286 1856 542">
     <span class='ocr_line' id='line_1_2' title="bbox 221 286 1856 344; baseline 0.001 -14"><span class='ocrx_word' id='word_1_3' title='bbox 221 291 367 331; x_wconf 86' lang='lat' dir='ltr'>tiarum</span> <span class='ocrx_word' id='word_1_4' title='bbox 392 290 584 344; x_wconf 84' lang='lat' dir='ltr'>gravitate</span> <span class='ocrx_word' id='word_1_5' title='bbox 611 301 799 342; x_wconf 86' lang='lat' dir='ltr'>umquam</span> <span class='ocrx_word' id='word_1_6' title='bbox 821 295 1022 329; x_wconf 83' lang='lat' dir='ltr'>assecutus</span> <span class='ocrx_word' id='word_1_7' title='bbox 1049 289 1136 329; x_wconf 78' lang='lat' dir='ltr'>est?</span> <span class='ocrx_word' id='word_1_8' title='bbox 1190 286 1270 327; x_wconf 89' lang='lat' dir='ltr'>Tot</span> <span class='ocrx_word' id='word_1_9' title='bbox 1290 301 1335 327; x_wconf 81' lang='lat' dir='ltr'>ac</span> <span class='ocrx_word' id='word_1_10' title='bbox 1368 293 1493 326; x_wconf 84' lang='lat' dir='ltr'>tantas</span> <span class='ocrx_word' id='word_1_11' title='bbox 1515 288 1856 331; x_wconf 86' lang='lat' dir='ltr'>excellentissimo-</span> 
     </span>
     <span class='ocr_line' id='line_1_3' title="bbox 219 353 1854 409; baseline -0.001 -13"><span class='ocrx_word' id='word_1_12' title='bbox 219 370 308 396; x_wconf 88' lang='lat' dir='ltr'>rum</span> <span class='ocrx_word' id='word_1_13' title='bbox 328 358 572 409; x_wconf 83' lang='lat' dir='ltr'>ingeniorum</span> <span class='ocrx_word' id='word_1_14' title='bbox 591 357 784 405; x_wconf 86' lang='lat' dir='ltr'>virtutes,</span> <span class='ocrx_word' id='word_1_15' title='bbox 814 356 934 404; x_wconf 89' lang='lat' dir='ltr'>dum,</span> <span class='ocrx_word' id='word_1_16' title='bbox 964 363 1155 408; x_wconf 83' lang='lat' dir='ltr'>quantum</span> <span class='ocrx_word' id='word_1_17' title='bbox 1184 353 1370 391; x_wconf 79' lang='lat' dir='ltr'>facultate</span> <span class='ocrx_word' id='word_1_18' title='bbox 1402 354 1561 406; x_wconf 86' lang='lat' dir='ltr'>assequi</span> <span class='ocrx_word' id='word_1_19' title='bbox 1579 367 1762 405; x_wconf 87' lang='lat' dir='ltr'>possum,</span> <span class='ocrx_word' id='word_1_20' title='bbox 1791 357 1854 395; x_wconf 88' lang='lat' dir='ltr'>di-</span> 
     </span>
     <span class='ocr_line' id='line_1_4' title="bbox 221 418 1849 477; baseline -0.001 -14"><span class='ocrx_word' id='word_1_21' title='bbox 221 423 406 477; x_wconf 84' lang='lat' dir='ltr'>ligentius</span> <span class='ocrx_word' id='word_1_22' title='bbox 425 422 500 462; x_wconf 84' lang='lat' dir='ltr'>hae</span> <span class='ocrx_word' id='word_1_23' title='bbox 518 422 614 462; x_wconf 70' lang='lat' dir='ltr'>hora</span> <span class='ocrx_word' id='word_1_24' title='bbox 630 435 870 476; x_wconf 87' lang='lat' dir='ltr'>persequor,</span> <span class='ocrx_word' id='word_1_25' title='bbox 899 421 1015 461; x_wconf 84' lang='lat' dir='ltr'>etiam</span> <span class='ocrx_word' id='word_1_26' title='bbox 1032 430 1148 474; x_wconf 88' lang='lat' dir='ltr'>atque</span> <span class='ocrx_word' id='word_1_27' title='bbox 1164 420 1276 458; x_wconf 84' lang='lat' dir='ltr'>etiam</span> <span class='ocrx_word' id='word_1_28' title='bbox 1296 418 1376 459; x_wconf 85' lang='lat' dir='ltr'>Vos</span> <span class='ocrx_word' id='word_1_29' title='bbox 1402 432 1496 473; x_wconf 87' lang='lat' dir='ltr'>rogo</span> <span class='ocrx_word' id='word_1_30' title='bbox 1509 450 1523 470; x_wconf 94' lang='lat'><em>,</em></span> <span class='ocrx_word' id='word_1_31' title='bbox 1551 420 1667 461; x_wconf 85' lang='lat' dir='ltr'>A.A.</span> <span class='ocrx_word' id='word_1_32' title='bbox 1696 420 1752 464; x_wconf 89' lang='lat' dir='ltr'>H.</span> <span class='ocrx_word' id='word_1_33' title='bbox 1765 421 1818 462; x_wconf 82' lang='lat' dir='ltr'>H.</span> <span class='ocrx_word' id='word_1_34' title='bbox 1834 452 1849 473; x_wconf 91' lang='lat'><strong><em>,</em></strong></span> 
     </span>
     <span class='ocr_line' id='line_1_5' title="bbox 224 488 1008 542; baseline -0.001 -13"><span class='ocrx_word' id='word_1_35' title='bbox 224 499 268 529; x_wconf 93' lang='lat' dir='ltr'>ut</span> <span class='ocrx_word' id='word_1_36' title='bbox 286 488 453 529; x_wconf 88' lang='lat' dir='ltr'>auribus</span> <span class='ocrx_word' id='word_1_37' title='bbox 473 488 568 527; x_wconf 86' lang='lat' dir='ltr'>mihi</span> <span class='ocrx_word' id='word_1_38' title='bbox 585 489 810 542; x_wconf 80' lang='lat' dir='ltr'>linguisque</span> <span class='ocrx_word' id='word_1_39' title='bbox 828 488 1008 529; x_wconf 81' lang='lat' dir='ltr'>faveatis.</span> 
     </span>
    </p>

    <p class='ocr_par' dir='ltr' id='par_1_3' title="bbox 217 550 1858 1788">
     <span class='ocr_line' id='line_1_6' title="bbox 275 550 1857 607; baseline -0.001 -13"><span class='ocrx_word' id='word_1_40' title='bbox 275 556 341 594; x_wconf 88' lang='lat' dir='ltr'>De</span> <span class='ocrx_word' id='word_1_41' title='bbox 360 555 486 607; x_wconf 73' lang='lat' dir='ltr'>poetis</span> <span class='ocrx_word' id='word_1_42' title='bbox 512 555 680 594; x_wconf 86' lang='lat' dir='ltr'>Graecis</span> <span class='ocrx_word' id='word_1_43' title='bbox 707 568 818 594; x_wconf 88' lang='lat' dir='ltr'>nemo</span> <span class='ocrx_word' id='word_1_44' title='bbox 840 568 932 593; x_wconf 87' lang='lat' dir='ltr'>sane</span> <span class='ocrx_word' id='word_1_45' title='bbox 950 562 1050 592; x_wconf 85' lang='lat' dir='ltr'>recte</span> <span class='ocrx_word' id='word_1_46' title='bbox 1067 550 1279 604; x_wconf 81' lang='lat' dir='ltr'>judicabit,</span> <span class='ocrx_word' id='word_1_47' title='bbox 1308 551 1383 589; x_wconf 86' lang='lat' dir='ltr'>nisi</span> <span class='ocrx_word' id='word_1_48' title='bbox 1404 553 1486 604; x_wconf 74' lang='lat' dir='ltr'>qui·</span> <span class='ocrx_word' id='word_1_49' title='bbox 1500 552 1542 591; x_wconf 90' lang='lat' dir='ltr'>in</span> <span class='ocrx_word' id='word_1_50' title='bbox 1562 554 1659 606; x_wconf 85' lang='lat' dir='ltr'>ipsis</span> <span class='ocrx_word' id='word_1_51' title='bbox 1683 553 1857 593; x_wconf 65' lang='lat' dir='ltr'>Graeco-²</span> 
     </span>
     <span class='ocr_line' id='line_1_7' title="bbox 225 612 1855 674; baseline -0.001 -13"><span class='ocrx_word' id='word_1_52' title='bbox 225 636 317 661; x_wconf 88' lang='lat' dir='ltr'>rum</span> <span class='ocrx_word' id='word_1_53' title='bbox 334 620 514 660; x_wconf 86' lang='lat' dir='ltr'>moribus</span> <span class='ocrx_word' id='word_1_54' title='bbox 533 630 570 661; x_wconf 88' lang='lat' dir='ltr'>et</span> <span class='ocrx_word' id='word_1_55' title='bbox 590 622 744 674; x_wconf 85' lang='lat' dir='ltr'>ingenio</span> <span class='ocrx_word' id='word_1_56' title='bbox 761 620 976 673; x_wconf 87' lang='lat' dir='ltr'>primordia</span> <span class='ocrx_word' id='word_1_57' title='bbox 994 619 1130 657; x_wconf 88' lang='lat' dir='ltr'>harum</span> <span class='ocrx_word' id='word_1_58' title='bbox 1154 618 1355 657; x_wconf 86' lang='lat' dir='ltr'>literarum</span> <span class='ocrx_word' id='word_1_59' title='bbox 1374 618 1608 672; x_wconf 85' lang='lat' dir='ltr'>investigare</span> <span class='ocrx_word' id='word_1_60' title='bbox 1622 620 1730 659; x_wconf 87' lang='lat' dir='ltr'>velit.</span> <span class='ocrx_word' id='word_1_61' title='bbox 1760 612 1855 669; x_wconf 86' lang='lat' dir='ltr'>Quo</span> 
     </span>
     <span class='ocr_line' id='line_1_8' title="bbox 217 683 1855 739; baseline -0.001 -13"><span class='ocrx_word' id='word_1_62' title='bbox 217 686 315 730; x_wconf 64' lang='lat' dir='ltr'>‚loco</span> <span class='ocrx_word' id='word_1_63' title='bbox 336 688 474 726; x_wconf 85' lang='lat' dir='ltr'>mirari</span> <span class='ocrx_word' id='word_1_64' title='bbox 495 686 624 736; x_wconf 91' lang='lat' dir='ltr'>subit,</span> <span class='ocrx_word' id='word_1_65' title='bbox 637 701 726 726; x_wconf 87' lang='lat' dir='ltr'>cum</span> <span class='ocrx_word' id='word_1_66' title='bbox 746 686 862 725; x_wconf 90' lang='lat' dir='ltr'>semel</span> <span class='ocrx_word' id='word_1_67' title='bbox 885 698 1087 724; x_wconf 88' lang='lat' dir='ltr'>sacrorum</span> <span class='ocrx_word' id='word_1_68' title='bbox 1107 685 1204 722; x_wconf 84' lang='lat' dir='ltr'>ratio</span> <span class='ocrx_word' id='word_1_69' title='bbox 1221 684 1378 723; x_wconf 83' lang='lat' dir='ltr'>aliunde</span> <span class='ocrx_word' id='word_1_70' title='bbox 1398 683 1541 735; x_wconf 87' lang='lat' dir='ltr'>allata,</span> <span class='ocrx_word' id='word_1_71' title='bbox 1556 694 1592 723; x_wconf 87' lang='lat' dir='ltr'>et</span> <span class='ocrx_word' id='word_1_72' title='bbox 1610 687 1855 739; x_wconf 79' lang='lat' dir='ltr'>Graecorum</span> 
     </span>
     <span class='ocr_line' id='line_1_9' title="bbox 225 749 1852 806; baseline -0.001 -14"><span class='ocrx_word' id='word_1_73' title='bbox 225 754 383 806; x_wconf 86' lang='lat' dir='ltr'>ingenio</span> <span class='ocrx_word' id='word_1_74' title='bbox 414 753 585 791; x_wconf 86' lang='lat' dir='ltr'>multum</span> <span class='ocrx_word' id='word_1_75' title='bbox 621 761 721 791; x_wconf 83' lang='lat' dir='ltr'>esset</span> <span class='ocrx_word' id='word_1_76' title='bbox 749 752 979 804; x_wconf 81' lang='lat' dir='ltr'>amplificata</span> <span class='ocrx_word' id='word_1_77' title='bbox 1007 751 1207 803; x_wconf 83' lang='lat' dir='ltr'>variisque</span> <span class='ocrx_word' id='word_1_78' title='bbox 1234 749 1506 791; x_wconf 87' lang='lat' dir='ltr'>traditionibus</span> <span class='ocrx_word' id='word_1_79' title='bbox 1534 760 1691 801; x_wconf 84' lang='lat' dir='ltr'>ornata,</span> <span class='ocrx_word' id='word_1_80' title='bbox 1733 766 1852 805; x_wconf 90' lang='lat' dir='ltr'>quam</span> 
     </span>
     <span class='ocr_line' id='line_1_10' title="bbox 227 816 1853 869; baseline -0.001 -11"><span class='ocrx_word' id='word_1_81' title='bbox 227 819 356 858; x_wconf 85' lang='lat' dir='ltr'>omnia</span> <span class='ocrx_word' id='word_1_82' title='bbox 378 818 427 856; x_wconf 91' lang='lat' dir='ltr'>ad</span> <span class='ocrx_word' id='word_1_83' title='bbox 447 817 685 855; x_wconf 87' lang='lat' dir='ltr'>hilaritatem</span> <span class='ocrx_word' id='word_1_84' title='bbox 706 817 914 869; x_wconf 83' lang='lat' dir='ltr'>composita</span> <span class='ocrx_word' id='word_1_85' title='bbox 942 816 1103 855; x_wconf 81' lang='lat' dir='ltr'>suerint.</span> <span class='ocrx_word' id='word_1_86' title='bbox 1155 816 1215 855; x_wconf 87' lang='lat' dir='ltr'>lta</span> <span class='ocrx_word' id='word_1_87' title='bbox 1236 816 1334 855; x_wconf 88' lang='lat' dir='ltr'>nihil</span> <span class='ocrx_word' id='word_1_88' title='bbox 1361 816 1600 866; x_wconf 82' lang='lat' dir='ltr'>severitatis,</span> <span class='ocrx_word' id='word_1_89' title='bbox 1627 816 1726 856; x_wconf 91' lang='lat' dir='ltr'>nihil</span> <span class='ocrx_word' id='word_1_90' title='bbox 1747 832 1853 857; x_wconf 86' lang='lat' dir='ltr'>moe-</span> 
     </span>
     <span class='ocr_line' id='line_1_11' title="bbox 232 881 1853 933; baseline 0 -10"><span class='ocrx_word' id='word_1_91' title='bbox 232 886 361 923; x_wconf 77' lang='lat' dir='ltr'>stitiae</span> <span class='ocrx_word' id='word_1_92' title='bbox 376 914 389 932; x_wconf 88' lang='lat'><em>,</em></span> <span class='ocrx_word' id='word_1_93' title='bbox 419 884 523 921; x_wconf 88' lang='lat' dir='ltr'>laeta</span> <span class='ocrx_word' id='word_1_94' title='bbox 548 883 675 922; x_wconf 80' lang='lat' dir='ltr'>omnia</span> <span class='ocrx_word' id='word_1_95' title='bbox 705 891 741 920; x_wconf 90' lang='lat' dir='ltr'>et</span> <span class='ocrx_word' id='word_1_96' title='bbox 761 882 956 929; x_wconf 83' lang='lat' dir='ltr'>illustria,</span> <span class='ocrx_word' id='word_1_97' title='bbox 985 881 1130 920; x_wconf 83' lang='lat' dir='ltr'>divinis</span> <span class='ocrx_word' id='word_1_98' title='bbox 1157 883 1254 933; x_wconf 90' lang='lat' dir='ltr'>ipsis</span> <span class='ocrx_word' id='word_1_99' title='bbox 1286 883 1335 922; x_wconf 88' lang='lat' dir='ltr'>ad</span> <span class='ocrx_word' id='word_1_100' title='bbox 1356 882 1619 922; x_wconf 87' lang='lat' dir='ltr'>humanarum</span> <span class='ocrx_word' id='word_1_101' title='bbox 1645 897 1778 922; x_wconf 89' lang='lat' dir='ltr'>rerum</span> <span class='ocrx_word' id='word_1_102' title='bbox 1798 885 1853 923; x_wconf 86' lang='lat' dir='ltr'>si-</span> 
     </span>
     <span class='ocr_line' id='line_1_12' title="bbox 226 947 1855 1002; baseline -0.001 -13"><span class='ocrx_word' id='word_1_103' title='bbox 226 950 489 989; x_wconf 87' lang='lat' dir='ltr'>militudinem</span> <span class='ocrx_word' id='word_1_104' title='bbox 516 947 730 986; x_wconf 87' lang='lat' dir='ltr'>translatis.</span> <span class='ocrx_word' id='word_1_105' title='bbox 789 948 879 987; x_wconf 85' lang='lat' dir='ltr'>Sive</span> <span class='ocrx_word' id='word_1_106' title='bbox 906 948 1030 999; x_wconf 85' lang='lat' dir='ltr'>igitur</span> <span class='ocrx_word' id='word_1_107' title='bbox 1059 947 1169 986; x_wconf 84' lang='lat' dir='ltr'>statis</span> <span class='ocrx_word' id='word_1_108' title='bbox 1200 948 1290 987; x_wconf 86' lang='lat' dir='ltr'>anni</span> <span class='ocrx_word' id='word_1_109' title='bbox 1317 947 1556 1001; x_wconf 84' lang='lat' dir='ltr'>temporibus</span> <span class='ocrx_word' id='word_1_110' title='bbox 1585 949 1747 1002; x_wconf 85' lang='lat' dir='ltr'>frugum</span> <span class='ocrx_word' id='word_1_111' title='bbox 1770 950 1855 1002; x_wconf 89' lang='lat' dir='ltr'>pri-</span> 
     </span>
     <span class='ocr_line' id='line_1_13' title="bbox 225 1011 1855 1063; baseline 0 -9"><span class='ocrx_word' id='word_1_112' title='bbox 225 1016 359 1054; x_wconf 87' lang='lat' dir='ltr'>mitias</span> <span class='ocrx_word' id='word_1_113' title='bbox 377 1014 469 1052; x_wconf 89' lang='lat' dir='ltr'>Diis</span> <span class='ocrx_word' id='word_1_114' title='bbox 489 1011 694 1061; x_wconf 83' lang='lat' dir='ltr'>offerrent,</span> <span class='ocrx_word' id='word_1_115' title='bbox 725 1012 895 1050; x_wconf 91' lang='lat' dir='ltr'>omnium</span> <span class='ocrx_word' id='word_1_116' title='bbox 916 1012 1109 1051; x_wconf 87' lang='lat' dir='ltr'>bonorum</span> <span class='ocrx_word' id='word_1_117' title='bbox 1130 1013 1376 1063; x_wconf 75' lang='lat' dir='ltr'>auctoribus,</span> <span class='ocrx_word' id='word_1_118' title='bbox 1407 1016 1490 1055; x_wconf 86' lang='lat' dir='ltr'>sive</span> <span class='ocrx_word' id='word_1_119' title='bbox 1509 1016 1729 1054; x_wconf 86' lang='lat' dir='ltr'>eorumdem</span> <span class='ocrx_word' id='word_1_120' title='bbox 1755 1016 1855 1054; x_wconf 83' lang='lat' dir='ltr'>iram</span> 
     </span>
     <span class='ocr_line' id='line_1_14' title="bbox 226 1077 1851 1130; baseline -0.002 -10"><span class='ocrx_word' id='word_1_121' title='bbox 226 1082 336 1122; x_wconf 83' lang='lat' dir='ltr'>lauto</span> <span class='ocrx_word' id='word_1_122' title='bbox 358 1079 547 1118; x_wconf 85' lang='lat' dir='ltr'>sacrificio</span> <span class='ocrx_word' id='word_1_123' title='bbox 573 1079 796 1130; x_wconf 84' lang='lat' dir='ltr'>placarent,</span> <span class='ocrx_word' id='word_1_124' title='bbox 826 1078 909 1117; x_wconf 88' lang='lat' dir='ltr'>sive</span> <span class='ocrx_word' id='word_1_125' title='bbox 934 1078 1160 1130; x_wconf 82' lang='lat' dir='ltr'>quotidiano</span> <span class='ocrx_word' id='word_1_126' title='bbox 1183 1090 1260 1114; x_wconf 92' lang='lat' dir='ltr'>usu</span> <span class='ocrx_word' id='word_1_127' title='bbox 1288 1077 1444 1115; x_wconf 90' lang='lat' dir='ltr'>nullum</span> <span class='ocrx_word' id='word_1_128' title='bbox 1473 1086 1573 1116; x_wconf 89' lang='lat' dir='ltr'>esset</span> <span class='ocrx_word' id='word_1_129' title='bbox 1603 1081 1851 1130; x_wconf 85' lang='lat' dir='ltr'>convivium,</span> 
     </span>
     <span class='ocr_line' id='line_1_15' title="bbox 226 1141 1854 1199; baseline 0 -16"><span class='ocrx_word' id='word_1_130' title='bbox 226 1146 325 1199; x_wconf 89' lang='lat' dir='ltr'>quin</span> <span class='ocrx_word' id='word_1_131' title='bbox 356 1146 378 1182; x_wconf 74' lang='lat' dir='ltr'>a</span> <span class='ocrx_word' id='word_1_132' title='bbox 406 1144 584 1183; x_wconf 85' lang='lat' dir='ltr'>Deorum</span> <span class='ocrx_word' id='word_1_133' title='bbox 608 1143 717 1182; x_wconf 88' lang='lat' dir='ltr'>cultu</span> <span class='ocrx_word' id='word_1_134' title='bbox 748 1142 951 1179; x_wconf 85' lang='lat' dir='ltr'>exordium</span> <span class='ocrx_word' id='word_1_135' title='bbox 979 1141 1162 1179; x_wconf 84' lang='lat' dir='ltr'>haberet:</span> <span class='ocrx_word' id='word_1_136' title='bbox 1192 1154 1340 1179; x_wconf 87' lang='lat' dir='ltr'>omnem</span> <span class='ocrx_word' id='word_1_137' title='bbox 1362 1142 1469 1181; x_wconf 82' lang='lat' dir='ltr'>vitae</span> <span class='ocrx_word' id='word_1_138' title='bbox 1488 1142 1662 1181; x_wconf 85' lang='lat' dir='ltr'>fructum</span> <span class='ocrx_word' id='word_1_139' title='bbox 1684 1153 1720 1182; x_wconf 93' lang='lat' dir='ltr'>et</span> <span class='ocrx_word' id='word_1_140' title='bbox 1741 1145 1854 1183; x_wconf 85' lang='lat' dir='ltr'>laeti-</span> 
     </span>
     <span class='ocr_line' id='line_1_16' title="bbox 225 1206 1855 1263; baseline -0.001 -13"><span class='ocrx_word' id='word_1_141' title='bbox 225 1212 346 1260; x_wconf 85' lang='lat' dir='ltr'>tiam,</span> <span class='ocrx_word' id='word_1_142' title='bbox 377 1223 527 1249; x_wconf 88' lang='lat' dir='ltr'>omnem</span> <span class='ocrx_word' id='word_1_143' title='bbox 548 1208 666 1247; x_wconf 83' lang='lat' dir='ltr'>animi</span> <span class='ocrx_word' id='word_1_144' title='bbox 686 1207 950 1245; x_wconf 83' lang='lat' dir='ltr'>remissionem</span> <span class='ocrx_word' id='word_1_145' title='bbox 981 1206 1004 1242; x_wconf 69' lang='lat' dir='ltr'>a</span> <span class='ocrx_word' id='word_1_146' title='bbox 1033 1206 1221 1245; x_wconf 85' lang='lat' dir='ltr'>laborum</span> <span class='ocrx_word' id='word_1_147' title='bbox 1243 1206 1430 1245; x_wconf 88' lang='lat' dir='ltr'>molestiis</span> <span class='ocrx_word' id='word_1_148' title='bbox 1457 1206 1635 1257; x_wconf 88' lang='lat' dir='ltr'>liberati,</span> <span class='ocrx_word' id='word_1_149' title='bbox 1665 1209 1855 1263; x_wconf 84' lang='lat' dir='ltr'>genioque</span> 
     </span>
     <span class='ocr_line' id='line_1_17' title="bbox 227 1270 1857 1329; baseline -0.001 -13"><span class='ocrx_word' id='word_1_150' title='bbox 227 1276 495 1329; x_wconf 83' lang='lat' dir='ltr'>indulgentis,</span> <span class='ocrx_word' id='word_1_151' title='bbox 531 1276 572 1313; x_wconf 91' lang='lat' dir='ltr'>in</span> <span class='ocrx_word' id='word_1_152' title='bbox 608 1272 895 1325; x_wconf 84' lang='lat' dir='ltr'>antiquissimis</span> <span class='ocrx_word' id='word_1_153' title='bbox 921 1272 1001 1322; x_wconf 90' lang='lat' dir='ltr'>jam</span> <span class='ocrx_word' id='word_1_154' title='bbox 1029 1270 1270 1310; x_wconf 87' lang='lat' dir='ltr'>Graecorum</span> <span class='ocrx_word' id='word_1_155' title='bbox 1303 1273 1424 1311; x_wconf 86' lang='lat' dir='ltr'>sacris</span> <span class='ocrx_word' id='word_1_156' title='bbox 1448 1274 1697 1325; x_wconf 78' lang='lat' dir='ltr'>reperiemus·</span> <span class='ocrx_word' id='word_1_157' title='bbox 1752 1274 1857 1314; x_wconf 87' lang='lat' dir='ltr'>Hinc</span> 
     </span>
     <span class='ocr_line' id='line_1_18' title="bbox 233 1335 1858 1394; baseline -0.001 -13"><span class='ocrx_word' id='word_1_158' title='bbox 233 1342 343 1394; x_wconf 88' lang='lat' dir='ltr'>apud</span> <span class='ocrx_word' id='word_1_159' title='bbox 367 1342 582 1379; x_wconf 73' lang='lat' dir='ltr'>llomerum</span> <span class='ocrx_word' id='word_1_160' title='bbox 596 1368 609 1387; x_wconf 92' lang='lat'><strong><em>,</em></strong></span> <span class='ocrx_word' id='word_1_161' title='bbox 640 1337 711 1390; x_wconf 88' lang='lat' dir='ltr'>qui</span> <span class='ocrx_word' id='word_1_162' title='bbox 738 1335 851 1375; x_wconf 83' lang='lat' dir='ltr'>nobis</span> <span class='ocrx_word' id='word_1_163' title='bbox 884 1335 1011 1375; x_wconf 85' lang='lat' dir='ltr'>Jonici</span> <span class='ocrx_word' id='word_1_164' title='bbox 1039 1336 1184 1389; x_wconf 88' lang='lat' dir='ltr'>ingenii</span> <span class='ocrx_word' id='word_1_165' title='bbox 1206 1337 1522 1377; x_wconf 83' lang='lat' dir='ltr'>venustissimam</span> <span class='ocrx_word' id='word_1_166' title='bbox 1543 1338 1747 1392; x_wconf 84' lang='lat' dir='ltr'>imaginem</span> <span class='ocrx_word' id='word_1_167' title='bbox 1764 1340 1858 1380; x_wconf 87' lang='lat' dir='ltr'>reli-</span> 
     </span>
     <span class='ocr_line' id='line_1_19' title="bbox 230 1401 1855 1461; baseline -0.001 -14"><span class='ocrx_word' id='word_1_168' title='bbox 230 1409 344 1461; x_wconf 87' lang='lat' dir='ltr'>quit,</span> <span class='ocrx_word' id='word_1_169' title='bbox 374 1407 559 1457; x_wconf 88' lang='lat' dir='ltr'>frequens</span> <span class='ocrx_word' id='word_1_170' title='bbox 582 1403 798 1443; x_wconf 87' lang='lat' dir='ltr'>carminum</span> <span class='ocrx_word' id='word_1_171' title='bbox 817 1401 981 1451; x_wconf 86' lang='lat' dir='ltr'>mentio,</span> <span class='ocrx_word' id='word_1_172' title='bbox 1012 1402 1159 1454; x_wconf 90' lang='lat' dir='ltr'>quibus</span> <span class='ocrx_word' id='word_1_173' title='bbox 1176 1404 1225 1442; x_wconf 87' lang='lat' dir='ltr'>ad</span> <span class='ocrx_word' id='word_1_174' title='bbox 1245 1402 1433 1442; x_wconf 87' lang='lat' dir='ltr'>citharam</span> <span class='ocrx_word' id='word_1_175' title='bbox 1455 1403 1636 1442; x_wconf 80' lang='lat' dir='ltr'>canendis</span> <span class='ocrx_word' id='word_1_176' title='bbox 1654 1406 1718 1444; x_wconf 82' lang='lat' dir='ltr'>vel</span> <span class='ocrx_word' id='word_1_177' title='bbox 1745 1407 1855 1445; x_wconf 82' lang='lat' dir='ltr'>Deo-</span> 
     </span>
     <span class='ocr_line' id='line_1_20' title="bbox 229 1468 1852 1524; baseline 0 -13"><span class='ocrx_word' id='word_1_178' title='bbox 229 1486 319 1512; x_wconf 89' lang='lat' dir='ltr'>rum</span> <span class='ocrx_word' id='word_1_179' title='bbox 349 1470 512 1520; x_wconf 85' lang='lat' dir='ltr'>laudes,</span> <span class='ocrx_word' id='word_1_180' title='bbox 542 1470 606 1510; x_wconf 86' lang='lat' dir='ltr'>vel</span> <span class='ocrx_word' id='word_1_181' title='bbox 630 1469 806 1508; x_wconf 82' lang='lat' dir='ltr'>Heroum</span> <span class='ocrx_word' id='word_1_182' title='bbox 826 1468 1000 1507; x_wconf 84' lang='lat' dir='ltr'>illustria</span> <span class='ocrx_word' id='word_1_183' title='bbox 1025 1468 1198 1507; x_wconf 81' lang='lat' dir='ltr'>facinora</span> <span class='ocrx_word' id='word_1_184' title='bbox 1224 1470 1264 1507; x_wconf 90' lang='lat' dir='ltr'>in</span> <span class='ocrx_word' id='word_1_185' title='bbox 1292 1470 1481 1510; x_wconf 79' lang='lat' dir='ltr'>conviviis</span> <span class='ocrx_word' id='word_1_186' title='bbox 1497 1470 1852 1524; x_wconf 86' lang='lat' dir='ltr'>persequebantur:</span> 
     </span>
     <span class='ocr_line' id='line_1_21' title="bbox 226 1532 1854 1588; baseline -0.001 -12"><span class='ocrx_word' id='word_1_187' title='bbox 226 1539 323 1576; x_wconf 87' lang='lat' dir='ltr'>hinc</span> <span class='ocrx_word' id='word_1_188' title='bbox 355 1537 502 1585; x_wconf 80' lang='lat' dir='ltr'>Chori‚</span> <span class='ocrx_word' id='word_1_189' title='bbox 531 1536 623 1574; x_wconf 86' lang='lat' dir='ltr'>hinc</span> <span class='ocrx_word' id='word_1_190' title='bbox 653 1535 860 1575; x_wconf 82' lang='lat' dir='ltr'>certamina</span> <span class='ocrx_word' id='word_1_191' title='bbox 888 1534 959 1572; x_wconf 87' lang='lat' dir='ltr'>illa</span> <span class='ocrx_word' id='word_1_192' title='bbox 987 1532 1159 1585; x_wconf 87' lang='lat' dir='ltr'>publicis</span> <span class='ocrx_word' id='word_1_193' title='bbox 1187 1536 1299 1574; x_wconf 86' lang='lat' dir='ltr'>ctiam</span> <span class='ocrx_word' id='word_1_194' title='bbox 1324 1536 1435 1573; x_wconf 84' lang='lat' dir='ltr'>festis</span> <span class='ocrx_word' id='word_1_195' title='bbox 1455 1535 1657 1585; x_wconf 85' lang='lat' dir='ltr'>adhibita,</span> <span class='ocrx_word' id='word_1_196' title='bbox 1686 1550 1854 1588; x_wconf 89' lang='lat' dir='ltr'>quorum</span> 
     </span>
     <span class='ocr_line' id='line_1_22' title="bbox 230 1598 1855 1652; baseline 0 -10"><span class='ocrx_word' id='word_1_197' title='bbox 230 1604 400 1642; x_wconf 82' lang='lat' dir='ltr'>victores</span> <span class='ocrx_word' id='word_1_198' title='bbox 420 1600 657 1652; x_wconf 87' lang='lat' dir='ltr'>Lyricorum</span> <span class='ocrx_word' id='word_1_199' title='bbox 686 1598 933 1638; x_wconf 83' lang='lat' dir='ltr'>suavissimis</span> <span class='ocrx_word' id='word_1_200' title='bbox 968 1599 1094 1638; x_wconf 82' lang='lat' dir='ltr'>modis</span> <span class='ocrx_word' id='word_1_201' title='bbox 1122 1598 1310 1638; x_wconf 88' lang='lat' dir='ltr'>celebrari</span> <span class='ocrx_word' id='word_1_202' title='bbox 1353 1599 1542 1641; x_wconf 88' lang='lat' dir='ltr'>solebant.</span> <span class='ocrx_word' id='word_1_203' title='bbox 1604 1600 1717 1650; x_wconf 86' lang='lat' dir='ltr'>Quid</span> <span class='ocrx_word' id='word_1_204' title='bbox 1748 1603 1855 1642; x_wconf 83' lang='lat' dir='ltr'>mul-</span> 
     </span>
     <span class='ocr_line' id='line_1_23' title="bbox 227 1664 1848 1716; baseline -0.001 -8"><span class='ocrx_word' id='word_1_205' title='bbox 227 1668 302 1708; x_wconf 76' lang='lat' dir='ltr'>ta?</span> <span class='ocrx_word' id='word_1_206' title='bbox 356 1667 462 1706; x_wconf 84' lang='lat' dir='ltr'>Nata</span> <span class='ocrx_word' id='word_1_207' title='bbox 495 1674 551 1703; x_wconf 90' lang='lat' dir='ltr'>est</span> <span class='ocrx_word' id='word_1_208' title='bbox 581 1665 822 1703; x_wconf 87' lang='lat' dir='ltr'>Graecorum</span> <span class='ocrx_word' id='word_1_209' title='bbox 851 1664 982 1715; x_wconf 67' lang='lat' dir='ltr'>poesis</span> <span class='ocrx_word' id='word_1_210' title='bbox 1019 1673 1057 1702; x_wconf 88' lang='lat' dir='ltr'>et</span> <span class='ocrx_word' id='word_1_211' title='bbox 1086 1666 1236 1703; x_wconf 89' lang='lat' dir='ltr'>musica</span> <span class='ocrx_word' id='word_1_212' title='bbox 1263 1666 1284 1702; x_wconf 76' lang='grc' dir='ltr'>ὲ</span> <span class='ocrx_word' id='word_1_213' title='bbox 1314 1666 1423 1704; x_wconf 91' lang='lat' dir='ltr'>cultu</span> <span class='ocrx_word' id='word_1_214' title='bbox 1450 1665 1625 1705; x_wconf 88' lang='lat' dir='ltr'>Deorum</span> <span class='ocrx_word' id='word_1_215' title='bbox 1643 1695 1659 1716; x_wconf 89' lang='lat'><em>,</em></span> <span class='ocrx_word' id='word_1_216' title='bbox 1695 1667 1848 1708; x_wconf 85' lang='lat' dir='ltr'>eadem-</span> 
     </span>
     <span class='ocr_line' id='line_1_24' title="bbox 230 1730 1492 1788; baseline -0.002 -15"><span class='ocrx_word' id='word_1_217' title='bbox 230 1748 309 1788; x_wconf 86' lang='lat' dir='ltr'>que</span> <span class='ocrx_word' id='word_1_218' title='bbox 331 1741 395 1772; x_wconf 80' lang='lat' dir='ltr'>est</span> <span class='ocrx_word' id='word_1_219' title='bbox 415 1732 659 1771; x_wconf 84' lang='lat' dir='ltr'>Graecarum</span> <span class='ocrx_word' id='word_1_220' title='bbox 680 1730 881 1768; x_wconf 86' lang='lat' dir='ltr'>literarum</span> <span class='ocrx_word' id='word_1_221' title='bbox 900 1730 1103 1782; x_wconf 87' lang='lat' dir='ltr'>omnisque</span> <span class='ocrx_word' id='word_1_222' title='bbox 1118 1731 1347 1770; x_wconf 87' lang='lat' dir='ltr'>eruditionis</span> <span class='ocrx_word' id='word_1_223' title='bbox 1371 1732 1492 1784; x_wconf 87' lang='lat' dir='ltr'>origo.</span> 
     </span>
    </p>

    <p class='ocr_par' dir='ltr' id='par_1_4' title="bbox 227 1795 1853 2177">
     <span class='ocr_line' id='line_1_25' title="bbox 334 1795 1852 1850; baseline 0.001 -13"><span class='ocrx_word' id='word_1_224' title='bbox 334 1799 516 1850; x_wconf 89' lang='lat' dir='ltr'>Longum</span> <span class='ocrx_word' id='word_1_225' title='bbox 537 1797 608 1844; x_wconf 89' lang='lat' dir='ltr'>sit,</span> <span class='ocrx_word' id='word_1_226' title='bbox 639 1796 833 1846; x_wconf 85' lang='lat' dir='ltr'>explicare</span> <span class='ocrx_word' id='word_1_227' title='bbox 852 1795 1029 1847; x_wconf 84' lang='lat' dir='ltr'>singula:</span> <span class='ocrx_word' id='word_1_228' title='bbox 1060 1804 1096 1832; x_wconf 88' lang='lat' dir='ltr'>et</span> <span class='ocrx_word' id='word_1_229' title='bbox 1120 1809 1223 1836; x_wconf 83' lang='lat' dir='ltr'>nunc</span> <span class='ocrx_word' id='word_1_230' title='bbox 1248 1797 1406 1850; x_wconf 88' lang='lat' dir='ltr'>quidem</span> <span class='ocrx_word' id='word_1_231' title='bbox 1425 1797 1520 1835; x_wconf 89' lang='lat' dir='ltr'>satis</span> <span class='ocrx_word' id='word_1_232' title='bbox 1543 1805 1602 1836; x_wconf 90' lang='lat' dir='ltr'>est</span> <span class='ocrx_word' id='word_1_233' title='bbox 1622 1798 1724 1837; x_wconf 88' lang='lat' dir='ltr'>illud</span> <span class='ocrx_word' id='word_1_234' title='bbox 1737 1800 1852 1838; x_wconf 87' lang='lat' dir='ltr'>intel-</span> 
     </span>
     <span class='ocr_line' id='line_1_26' title="bbox 228 1860 1852 1918; baseline 0 -13"><span class='ocrx_word' id='word_1_235' title='bbox 228 1866 377 1918; x_wconf 85' lang='lat' dir='ltr'>ligere,</span> <span class='ocrx_word' id='word_1_236' title='bbox 405 1871 550 1916; x_wconf 84' lang='lat' dir='ltr'>quanta</span> <span class='ocrx_word' id='word_1_237' title='bbox 570 1862 687 1900; x_wconf 85' lang='lat' dir='ltr'>fuerit</span> <span class='ocrx_word' id='word_1_238' title='bbox 706 1861 914 1900; x_wconf 61' lang='lat' dir='ltr'>Poetarum</span> <span class='ocrx_word' id='word_1_239' title='bbox 935 1860 1096 1901; x_wconf 88' lang='lat' dir='ltr'>illorum</span> <span class='ocrx_word' id='word_1_240' title='bbox 1121 1862 1183 1901; x_wconf 89' lang='lat' dir='ltr'>vis</span> <span class='ocrx_word' id='word_1_241' title='bbox 1211 1863 1251 1901; x_wconf 91' lang='lat' dir='ltr'>in</span> <span class='ocrx_word' id='word_1_242' title='bbox 1269 1862 1510 1902; x_wconf 84' lang='lat' dir='ltr'>Graecorum</span> <span class='ocrx_word' id='word_1_243' title='bbox 1528 1863 1575 1902; x_wconf 90' lang='lat' dir='ltr'>de</span> <span class='ocrx_word' id='word_1_244' title='bbox 1593 1865 1695 1903; x_wconf 90' lang='lat' dir='ltr'>omni</span> <span class='ocrx_word' id='word_1_245' title='bbox 1713 1879 1852 1918; x_wconf 89' lang='lat' dir='ltr'>genere</span> 
     </span>
     <span class='ocr_line' id='line_1_27' title="bbox 229 1926 1853 1981; baseline -0.001 -10"><span class='ocrx_word' id='word_1_246' title='bbox 229 1932 430 1971; x_wconf 84' lang='lat' dir='ltr'>doetrinae</span> <span class='ocrx_word' id='word_1_247' title='bbox 464 1928 688 1979; x_wconf 83' lang='lat' dir='ltr'>opiniones3</span> <span class='ocrx_word' id='word_1_248' title='bbox 725 1927 794 1978; x_wconf 86' lang='lat' dir='ltr'>qui</span> <span class='ocrx_word' id='word_1_249' title='bbox 833 1927 946 1965; x_wconf 86' lang='lat' dir='ltr'>nulla</span> <span class='ocrx_word' id='word_1_250' title='bbox 982 1926 1168 1977; x_wconf 85' lang='lat' dir='ltr'>historia,</span> <span class='ocrx_word' id='word_1_251' title='bbox 1208 1928 1320 1966; x_wconf 86' lang='lat' dir='ltr'>nulla</span> <span class='ocrx_word' id='word_1_252' title='bbox 1353 1929 1567 1981; x_wconf 85' lang='lat' dir='ltr'>theologia,</span> <span class='ocrx_word' id='word_1_253' title='bbox 1603 1929 1853 1981; x_wconf 77' lang='lat' dir='ltr'>philosophia</span> 
     </span>
     <span class='ocr_line' id='line_1_28' title="bbox 228 1992 1850 2048; baseline -0.001 -11"><span class='ocrx_word' id='word_1_254' title='bbox 228 1998 342 2038; x_wconf 84' lang='lat' dir='ltr'>nulla</span> <span class='ocrx_word' id='word_1_255' title='bbox 372 1993 609 2042; x_wconf 83' lang='lat' dir='ltr'>utebantur,</span> <span class='ocrx_word' id='word_1_256' title='bbox 649 1992 724 2030; x_wconf 87' lang='lat' dir='ltr'>nisi</span> <span class='ocrx_word' id='word_1_257' title='bbox 756 2005 857 2045; x_wconf 88' lang='lat' dir='ltr'>quae</span> <span class='ocrx_word' id='word_1_258' title='bbox 892 2005 1141 2038; x_wconf 85' lang='lat' dir='ltr'>numerorum</span> <span class='ocrx_word' id='word_1_259' title='bbox 1172 1993 1375 2033; x_wconf 87' lang='lat' dir='ltr'>dulcedine</span> <span class='ocrx_word' id='word_1_260' title='bbox 1406 2003 1443 2033; x_wconf 88' lang='lat' dir='ltr'>et</span> <span class='ocrx_word' id='word_1_261' title='bbox 1471 1995 1621 2034; x_wconf 88' lang='lat' dir='ltr'>musica</span> <span class='ocrx_word' id='word_1_262' title='bbox 1651 1995 1850 2048; x_wconf 82' lang='lat' dir='ltr'>voluptate</span> 
     </span>
     <span class='ocr_line' id='line_1_29' title="bbox 227 2058 1852 2112; baseline -0.005 -11"><span class='ocrx_word' id='word_1_263' title='bbox 227 2064 402 2101; x_wconf 83' lang='lat' dir='ltr'>animum</span> <span class='ocrx_word' id='word_1_264' title='bbox 425 2059 543 2097; x_wconf 87' lang='lat' dir='ltr'>simul</span> <span class='ocrx_word' id='word_1_265' title='bbox 567 2067 601 2094; x_wconf 84' lang='lat' dir='ltr'>et</span> <span class='ocrx_word' id='word_1_266' title='bbox 629 2071 744 2095; x_wconf 87' lang='lat' dir='ltr'>aures</span> <span class='ocrx_word' id='word_1_267' title='bbox 771 2058 1032 2096; x_wconf 78' lang='lat' dir='ltr'>demulceret.&#39;</span> <span class='ocrx_word' id='word_1_268' title='bbox 1071 2058 1203 2109; x_wconf 84' lang='lat' dir='ltr'>Atque</span> <span class='ocrx_word' id='word_1_269' title='bbox 1234 2061 1286 2096; x_wconf 89' lang='lat' dir='ltr'>ita</span> <span class='ocrx_word' id='word_1_270' title='bbox 1314 2060 1459 2096; x_wconf 84' lang='lat' dir='ltr'>exstitit</span> <span class='ocrx_word' id='word_1_271' title='bbox 1490 2062 1736 2112; x_wconf 85' lang='lat' dir='ltr'>potissimum</span> <span class='ocrx_word' id='word_1_272' title='bbox 1764 2062 1852 2100; x_wconf 88' lang='lat' dir='ltr'>vin..</span> 
     </span>
     <span class='ocr_line' id='line_1_30' title="bbox 230 2122 1538 2177; baseline -0.004 -8"><span class='ocrx_word' id='word_1_273' title='bbox 230 2128 366 2169; x_wconf 83' lang='lat' dir='ltr'>culum</span> <span class='ocrx_word' id='word_1_274' title='bbox 383 2125 488 2166; x_wconf 85' lang='lat' dir='ltr'>illud</span> <span class='ocrx_word' id='word_1_275' title='bbox 507 2136 643 2165; x_wconf 85' lang='lat' dir='ltr'>earum</span> <span class='ocrx_word' id='word_1_276' title='bbox 663 2122 802 2163; x_wconf 81' lang='lat' dir='ltr'>artium</span> <span class='ocrx_word' id='word_1_277' title='bbox 820 2136 920 2176; x_wconf 84' lang='lat' dir='ltr'>quae</span> <span class='ocrx_word' id='word_1_278' title='bbox 938 2122 987 2165; x_wconf 88' lang='lat' dir='ltr'>ad</span> <span class='ocrx_word' id='word_1_279' title='bbox 1006 2122 1282 2165; x_wconf 83' lang='lat' dir='ltr'>humanitatem</span> <span class='ocrx_word' id='word_1_280' title='bbox 1300 2125 1502 2177; x_wconf 80' lang='lat' dir='ltr'>pertinent.</span> <span class='ocrx_word' id='word_1_281' title='bbox 1535 2159 1538 2164; x_wconf 78' lang='grc'><strong><em>,</em></strong></span> 
     </span>
    </p>
   </div>
   <div class='ocr_carea' id='block_1_3' title="bbox 1783 2193 1854 2233">
    <p class='ocr_par' dir='ltr' id='par_1_5' title="bbox 1783 2158 1854 2233">
     <span class='ocr_line' id='line_1_31' title="bbox 1783 2193 1854 2233; baseline -0.028 0"><span class='ocrx_word' id='word_1_282' title='bbox 1783 2193 1817 2233; x_wconf 86' lang='lat' dir='ltr'><em>S</em></span> <span class='ocrx_word' id='word_1_283' title='bbox 1817 2207 1854 2232; x_wconf 77' lang='lat' dir='ltr'>lc</span> 
     </span>
    </p>
   </div>
  </div>
 </body>
</html>
