2060 2600
802 193 1299 236 οΒΑΤιο.
1845 212 1873 253 7

228 301 449 357 colligatio,
478 310 522 340 ut
554 302 677 340 omnis
710 302 925 340 communio
952 301 995 338 in
1026 302 1208 354 exiguum
1242 307 1532 353 angustumque
1562 300 1747 342 conclusa
1777 316 1867 345 esse

225 368 419 408 videatur.
476 366 716 406 Universam
740 366 852 407 illam
873 363 1092 406 societatem
1114 366 1241 405 studio
1258 375 1295 405 et
1319 366 1470 405 ratione
1496 366 1701 418 amplecti,
1730 370 1862 420 majus

220 446 310 472 esse
326 432 500 482 videtur,
530 446 647 485 quam
665 446 738 485 pro
757 433 915 471 humani
938 432 1081 485 ingenii
1104 431 1391 471 imbecillitate:
1423 431 1493 471 sed
1509 432 1665 485 inique,
1689 446 1736 472 ac
1761 446 1861 486 pene

223 499 347 538 dicam
378 499 531 538 sordide
558 498 762 538 doctrinae
779 498 934 538 laudem
960 498 1021 537 illi
1040 498 1362 550 interpretantur,
1391 497 1458 551 qui
1478 499 1677 538 contracta
1702 498 1774 538 ius
1795 500 1859 539 in-

220 572 279 603 ter
302 565 400 603 duas
422 573 487 603 aut
504 561 653 617 paucas
672 573 775 603 artes
794 563 1040 616 colligatione
1057 564 1175 602 unice
1193 564 1445 603 delectantur.
1502 562 1773 603 Plus-imorum
1799 565 1856 603 si-

218 643 267 669 ne
293 629 411 670 dubio
438 630 564 671 studia
591 638 628 669 et
654 628 943 670 admirationem
974 628 1050 669 sibi
1083 643 1163 668 una
1191 628 1407 670 vindicabit
1422 628 1855 672 bonarum'ffiteramm

222 696 450 747 disciplina,
477 696 783 749 optimarumque
799 695 938 733 artium
958 694 1173 733 societatem
1198 694 1372 735 naturali
1393 694 1551 734 vinculo
1570 695 1853 749 complectitur.

216 761 329 809 Quid
347 762 446 801 enim
463 762 588 801 dicam
605 761 679 800 has
693 762 735 801 in
750 761 837 813 ipsa
853 761 1043 810 Graecia,
1072 760 1243 799 mirabili
1265 760 1437 812 quadam
1466 762 1712 812 ingeniorum
1738 761 1854 800 boni-

213 833 294 864 tate
311 834 348 864 et
364 826 612 880 frequentia,
641 826 696 864 ita
712 826 777 865 vel
793 826 969 865 inventas
994 837 1079 864 esse
1101 833 1138 863 et
1167 824 1369 876 excultas,
1396 824 1462 866 vel
1488 814 1667 879 acceptas
1695 833 1732 865 et
1754 839 1850 880 per-

213 891 358 941 fectas,
387 900 431 930 ut
448 892 489 931 in
509 892 619 931 nullo
636 905 713 931 non
730 892 926 930 doctrinae
946 884 1085 944 genere
1100 891 1293 942 principes
1314 891 1533 939 extiterint,
1562 906 1632 930 nec
1660 892 1739 931 nisi
1760 905 1852 932 sero

214 956 255 995 in
284 956 518 1010 quibusdam
547 957 719 1009 superati
752 969 837 996 esse
863 955 1083 997 videantur.
1147 955 1256 1004 Quid
1290 955 1339 994 de
1366 955 1557 1008 Romanis
1592 956 1745 1008 dicam,
1775 958 1848 1011 qui

211 1036 333 1075 quum
351 1024 392 1062 in
412 1023 558 1073 dispari
574 1036 712 1071 genere
733 1022 1025 1072 elaborassent,
1047 1030 1174 1060 tamen
1201 1029 1237 1059 et
1257 1021 1333 1072 ipsi
1352 1021 1425 1058 has
1447 1023 1732 1062 mansuetiores
1754 1037 1848 1064 mu-

212 1100 282 1126 sas
307 1088 531 1134 coluerunt,
570 1092 606 1124 et
646 1086 850 1138 utriusque
882 1087 1044 1126 rationis
1083 1086 1209 1126 studia
1244 1086 1358 1139 longe
1392 1086 1545 1139 lateque
1580 1089 1848 1139 protulerunu

210 1152 322 1200 Quid
339 1153 387 1190 de
402 1152 646 1189 Graecorum
670 1150 1015 1202 Romanorumque
1033 1150 1300 1201 paucissimis,
1330 1159 1372 1188 ut
1391 1164 1439 1189 ex
1465 1159 1571 1190 tanto
1598 1142 1845 1205 ingeniorum

207 1224 423 1269 proventu,
451 1215 708 1254 monumentis
736 1213 957 1264 doctrinae3
993 1227 1094 1267 quae
1125 1214 1147 1252 ὲ
1174 1215 1367 1255 communi
1396 1214 1602 1256 literarum
1635 1219 1845 1273 omnisque

209 1282 421 1334 elegantiae
438 1279 642 1340 naufragio
662 1283 839 1327 servata,
868 1279 1060 1331 cogitandi
1087 1279 1315 1331 dicendique
1342 1280 1590 1331 prudentiam
1622 1284 1840 1335 suscitare,

209 1355 248 1386 et
265 1344 588 1399 gravissimarum
607 1356 738 1383 rerum
763 1342 893 1384 studia
909 1355 1126 1397 propagare
1141 1351 1376 1397 potuerunt,
1404 1344 1487 1396 jam
1512 1346 1714 1400 interjecta
1746 1347 1844 1395 bars

208 1411 319 1452 harie
337 1411 419 1450 fere
437 1410 625 1450 exstincta
646 1418 683 1447 et
700 1410 915 1448 interemta.

261 1477 413 1516 Verum
433 1484 475 1515 ut
496 1490 543 1514 ex
560 1474 707 1515 infinita
723 1473 796 1513 illa
814 1472 1157 1525 contemplatione,
1176 1486 1262 1512 mea
1297 1486 1456 1528 quoque
1484 1476 1525 1515 in
1545 1477 1732 1531 exiguum
1744 1490 1840 1521 con-n*

207 1542 384 1583 trahatur
417 1541 539 1580 oratio
553 1570 568 1590 ,
596 1549 632 1579 et
662 1539 844 1591 temporis
865 1538 981 1579 simul
1014 1538 1218 1591 augustiae
1236 1540 1392 1592 meique
1409 1541 1553 1594 ingenii
1573 1545 1752 1585 tenuitati
1771 1560 1839 1586 ao-

209 1607 493 1657 commodetur3
520 1614 564 1645 ut
585 1600 652 1648 alii
670 1605 887 1657 Scriptores
904 1603 1069 1643 multum
1079 1604 1157 1653 ,ita
1179 1605 1303 1656 magis
1324 1619 1386 1644 me
1408 1606 1616 1647 advertunt
1630 1603 1840 1663 ⁴antiquio-

206 1688 270 1713 res
294 1673 379 1722 illi,
408 1673 549 1711 Poetae
573 1671 825 1721 praesertim,
854 1681 1022 1722 quorum
1040 1669 1380 1720 praestantissimis
1398 1670 1586 1723 operibus
1596 1702 1612 1724 ‚
1647 1677 1839 1718 recentior

207 1748 312 1779 aetas
340 1737 439 1778 nihil
465 1736 607 1786 habet,
636 1736 743 1789 quod
771 1743 990 1789 anteponat.
1054 1735 1182 1788 Igitur
1208 1749 1309 1774 nunc
1337 1736 1494 1789 quidem
1522 1738 1633 1780 haud
1660 1741 1837 1794 ineptum

202 1800 334 1844 visum
361 1811 418 1841 est
444 1810 638 1854 spectare,
666 1814 765 1853 quae
792 1802 871 1839 sint
894 1801 1120 1854 principum
1151 1801 1304 1838 illoram
1337 1800 1627 1856 Tragicorum‚
1653 1813 1696 1846 et
1709 1819 1838 1863 prae,

202 1871 340 1911 sertim
355 1862 571 1921 Euripidis
591 1868 750 1908 merita.
804 1866 920 1917 Quid
935 1867 1035 1907 enim
1055 1864 1276 1919 Tragoedia
1293 1867 1357 1908 vel
1378 1870 1545 1911 suavius
1565 1872 1617 1912 ad
1634 1872 1836 1914 delectan-

204 1937 321 1984 dum,
347 1934 412 1974 vel
445 1925 616 1971 ernstius
645 1941 712 1970 aut
735 1932 930 1984 copiosius
947 1932 998 1971 ad
1025 1933 1342 1973 commovendum
1372 1929 1615 1988 virtutisque
1657 1938 1832 1981 studium

203 1999 521 2043 inflammandum
538 1996 749 2052 excogitari
767 1998 926 2050 potest?
952 2008 1018 2037 aut
1054 2000 1146 2051 quis
1172 1998 1417 2051 Aeschylum
1436 2002 1777 2057 grandiloquentia
1795 2013 1834 2046 et

204 2066 435 2106 sublimitate
449 2094 463 2115 ,
492 2064 582 2117 quis
601 2062 829 2117 Sophoclem
858 2063 1041 2103 facundia
1072 2071 1109 2102 et
1136 2064 1323 2114 veritate,
1353 2065 1443 2118 quis
1463 2065 1693 2121 Euripidem
1713 2069 1834 2111 uber-

206 2140 284 2175 tate
302 2146 348 2175 ac
364 2131 500 2174 limato
516 2130 666 2174 dicendi
687 2142 849 2184 genere,
878 2130 972 2184 quis
992 2144 1081 2171 eum
1099 2129 1374 2174 admonitionis
1393 2133 1602 2187 prudentia
1625 2145 1662 2177 et
1681 2146 1830 2177 senten-

1754 2202 1834 2248 liat
