2060 2600
794 180 1296 231 0RAT10.·
1816 203 1860 234 ιι

236 296 393 338 enim?
405 295 602 336 Summam
624 292 903 345 eruditionem,
916 301 1070 334 auctore
1087 293 1274 338 Cicerone
1292 287 1370 349 (*)
1381 325 1395 346 ,
1425 295 1569 337 Graeci
1584 295 1703 361 sitam
1724 301 1857 356 caused

235 362 362 403 bant
349 377 390 402 m
412 376 619 404 nervorum
638 376 855 416 vocumque
891 360 1091 401 cantibus:-
1120 362 1189 401 sed
1209 375 1252 401 ea
1274 363 1360 415 ipsa
1386 350 1710 416 praestantiorem
1735 364 1857 406 disci-

233 430 381 483 plinam
402 428 620 470 continebat
647 426 942 482 philosophiae,
972 427 1083 479 cujus
1104 427 1154 467 ad
1170 428 1291 468 vitam
1318 430 1554 482 regendam,
1583 430 1635 471 ad
1659 431 1858 484 opinionis

232 496 497 549 prudentiam,
509 496 665 536 virtutis
685 495 875 544 studium,
900 503 937 533 et
949 494 1106 546 pietatis
1121 507 1214 547 erga
1230 494 1321 534 deos
1340 525 1353 545 ‚
1373 505 1554 536 auctores
1581 491 1737 550 praeter
1760 497 1857 537 illos'

232 563 340 614 ipsos
364 561 503 614 poetas
533 560 728 600 habebant
760 561 905 600 nullos.
959 560 1142 612 Cumque
1170 573 1305 599 eorum
1333 563 1612 612 certaminum,
1640 574 1744 615 quae
1768 576 1857 602 cor-

232 628 341 680 poris
375 628 529 668 viribus
549 657 562 678 ,
599 626 801 666 velocitate
818 656 833 676 ,
871 624 1096 665 fortitudine
1143 626 1424 677 cernebantur,
1463 628 1632 668 victores
1670 628 1712 667 in
1752 641 1858 668 sum-

230 708 294 733 ma
327 695 564 734 Graecorum
591 693 758 731 omnium
790 692 1045 731 admiratione
1072 699 1224 740 essent,
1253 700 1298 731 ut
1332 692 1440 731 haud
1474 693 1592 744 pauci
1636 693 1763 732 fuisse
1795 694 1859 733 di-

230 769 370 801 cantur
380 790 394 811 ,
417 760 486 814 qui
507 768 634 799 tantae
652 758 800 812 gloriae
815 757 1084 810 adipiscendae
1104 770 1244 796 caussa
1261 766 1422 798 aetatem
1442 772 1593 799 omnem
1610 760 1652 799 in
1667 774 1746 799 una
1767 773 1857 800 cor-

230 828 338 879 poris
362 827 654 865 excercitatione
677 831 970 862 consumerent:
1001 823 1133 875 qualis
1152 825 1357 874 poetarum
1385 825 1620 863 existimatio
1644 825 1766 864 fuerit
1784 839 1856 864 ne-

231 905 340 932 cesse
359 892 450 932 est?
478 899 624 945 quanta
642 883 881 929 auctoritas?
929 888 1016 937 Qui
1034 902 1111 927 non
1129 889 1213 929 vivi
1230 897 1379 928 tantum
1403 888 1641 929 carminibus
1666 891 1744 943 ipsi
1768 904 1861 936 cere

229 956 389 1005 tabant,
430 956 498 995 sed
526 964 562 994 et
602 956 743 993 mortui
783 955 1132 1005 praestantissimis
1174 954 1355 1004 operibus
1398 955 1680 994 adolescentiae
1726 957 1856 995 studia

228 1021 468 1070 retinebant,
495 1020 705 1059 multorum
731 1032 847 1058 aures
875 1018 990 1057 simul
1013 1018 1259 1071 animumque
1285 1018 1560 1070 oblectabant,
1590 1021 1766 1060 omnium
1787 1021 1858 1061 de-

229 1086 350 1138 nique
370 1096 521 1121 summa
542 1080 730 1131 religione
749 1077 989 1120 colebantur.
1020 1084 1104 1121 Nec
1124 1085 1291 1130 mirum,
1317 1085 1352 1120 si
1372 1084 1519 1122 divinis
1539 1086 1766 1123 nominibus
1789 1100 1858 1124 eo-

228 1162 317 1190 rum
338 1147 523 1187 memoria
540 1152 770 1193 ornaretur,
800 1138 872 1196 qui
891 1155 1028 1183 revera
1055 1156 1104 1182 ex
1135 1146 1209 1183 hac
1237 1155 1340 1183 terra
1371 1145 1421 1185 ad
1451 1156 1615 1201 superos
1649 1149 1858 1203 transiisse

228 1215 470 1256 viderentur.
523 1210 690 1250 Athenis
714 1210 886 1261 profecto
914 1218 998 1248 erat
1021 1209 1122 1248 illud
1148 1209 1391 1250 Ovidianum
1431 1211 1556 1252 Vivet
1583 1212 1860 1266 Maeonides,

230 1280 317 1331 ubi,
339 1292 428 1318 cum
445 1276 600 1330 reliqua
616 1272 801 1314 mortalia
813 1275 1131 1328 factaper‘irent
1141 1304 1154 1325 ,
1179 1274 1302 1315 divini
1323 1283 1432 1317 vates
1452 1270 1661 1321 universae
1685 1281 1861 1325 civitatis

233 1347 378 1390 studiis
398 1353 437 1383 et
456 1342 610 1395 legibus
627 1354 762 1380 veram
780 1354 893 1393 agere
914 1340 1038 1380 vitam
1054 1339 1389 1379 existimabantur.

287 1411 421 1450 Tanto
445 1407 598 1456 studio,
620 1407 670 1444 A.
690 1405 742 1445 A.
755 1414 782 1454 ‚*
800 1406 1004 1457 poetarum
1035 1404 1174 1443 laudes
1196 1404 1459 1463 praedicanti,
1497 1404 1568 1446 ubi
1589 1407 1861 1465 ‹ad-Tragicos

233 1489 399 1524 venero,
428 1472 549 1514 verba
573 1472 670 1510 mihi
688 1471 871 1510 defutura
894 1471 1123 1520 videantur,
1153 1471 1187 1508 si
1203 1470 1267 1510 vel
1289 1471 1346 1509 rei
1366 1470 1492 1522 ipsius
1516 1475 1747 1527 magnitudo
1767 1491 1861 1517 ora-

234 1542 351 1583 tionis
367 1539 603 1579 ornamentis
620 1534 843 1588 indigeret,
873 1536 937 1574 vel
967 1536 1066 1574 nihil
1092 1535 1299 1588 hucusque
1323 1537 1345 1573 εὶ
1370 1550 1432 1574 me
1458 1537 1768 1579 demonstratum
1799 1552 1862 1583 at-

234 1623 312 1663 que
329 1603 506 1647 effectum
525 1617 609 1642 esse
630 1601 929 1640 arbitraremini.
959 1600 1062 1639 Nam
1082 1604 1115 1639 si
1134 1614 1182 1639 ex
1193 1602 1283 1640 rudi
1304 1603 1340 1641 et'
1355 1602 1610 1655 incomposito
1634 1605 1860 1648 certaminis

235 1677 400 1728 genere,
430 1672 463 1709 si
489 1684 538 1708 ex
565 1669 774 1709 temulento
798 1668 1023 1719 rusticoque
1054 1666 1173 1714 lud0,
1212 1681 1257 1705 ex
1292 1663 1444 1706 ludicro
1471 1682 1647 1709 sermone
1679 1670 1716 1711 et
1750 1673 1879 1714 inani'

235 1739 374 1792 pompa
386 1767 399 1787 ,
430 1736 547 1774 unius
565 1735 641 1773 viri
660 1734 833 1786 ingenio,
858 1735 1020 1785 poeseos
1037 1739 1074 1770 et
1088 1730 1259 1769 musicae
1275 1739 1311 1769 et
1331 1732 1552 1775 saltationis
1568 1750 1614 1775 ea
1639 1733 1863 1790 conjunctio

236 1802 329 1842 nata
360 1811 440 1850 est,
471 1814 573 1852 quae
605 1799 791 1837 orationis
827 1798 1088 1846 sublimitate,
1116 1803 1365 1834 numerorum
1401 1808 1509 1850 arte,
1548 1811 1586 1841 et
1612 1803 1864 1857 elegantissi-

235 1870 311 1909 mis
337 1867 564 1907 chorearum
590 1863 762 1905 motibus
790 1864 962 1904 omnium
988 1863 1278 1903 admirationem
1304 1863 1513 1917 excitaret,
1544 1867 1579 1908 si
1610 1866 1862 1936 Tragoediae

237 1948 380 1988 parens
404 1932 628 1983 Aeschylus
650 1945 743 1971 vere
773 1932 934 1971 habitus
952 1940 1031 1983 est,
1057 1931 1127 1973 vix
1143 1938 1250 1969 tanto
1271 1930 1359 1971 viro
1389 1929 1555 1984 dignum
1581 1937 1678 1978 satis
1696 1951 1863 1990 praeeo-

1752 2006 1863 2045 nium

286 2120 366 2167 (ᾗ)
393 2120 486 2154 Tusc.
511 2118 534 2150 L
563 2129 594 2152 2.

1068 2191 1102 2231 Β
1135 2204 1160 2231 2
