2060 2600
714 185 1204 230 ORATIO.
1743 202 1772 244 9

462 302 535 345 Sic
548 304 669 345 honor
686 313 728 344 et
744 317 881 346 nomen
903 305 1048 348 divinis
1062 308 1218 350 vatibus
1237 316 1358 362 atque

464 370 717 411 Carminibus
739 373 861 412 vem‘t.

150 493 278 543 Nam,
299 499 552 545 posteaquam
573 491 694 531 exorti
714 499 865 542 essent,
894 493 964 545 qui
988 492 1192 532 historiam
1216 502 1252 533 et
1274 493 1566 547 philosophiam
1593 491 1766 546 pedestri

147 560 324 600 oratione
344 558 603 610 explicarent,
633 571 755 612 quum
774 558 1032 611 quorumdam
1051 560 1205 612 ingenia
1222 561 1340 613 quasi
1362 560 1499 599 adulta
1518 566 1555 598 et
1575 558 1763 599 corrobo-

148 633 234 664 rata
252 623 368 662 nudis
388 622 520 663 verbis
542 623 751 676 planisque
769 624 968 663 sententiis
983 624 1169 674 mallent,
1190 639 1309 678 quam
1326 626 1478 678 poetico
1496 637 1683 674 numero,
1711 624 1763 665 ad

146 704 279 730 rerum
305 689 626 742 gravissimarum
655 689 909 743 cognitionem
938 690 1185 741 contendere3
1220 699 1337 730 exuta
1359 698 1419 730 est
1444 698 1615 743 utraque
1643 689 1765 730 disci-

145 757 256 809 plina
273 751 349 794 non
377 763 526 794 tantum
550 756 826 794 venustissimo
854 764 1018 804 ornatu,
1048 756 1116 795 sed
1141 757 1358 796 communia
1385 756 1459 795 illa
1482 756 1613 795 studia
1634 755 1766 800 disso-

143 822 245 861 ciata
275 828 389 869 sunt,
406 833 540 873 ,eaque
566 820 649 871 ipsa
681 819 862 870 divulsa,
890 831 993 873 quae
1025 829 1166 860 natura
1192 821 1496 873 prudentissime
1516 820 1758 873 copulasset.

140 887 270 940 Igitur
287 899 409 938 quum
425 881 520 924 hae'c
537 886 637 924 ratio
660 885 785 938 magis
801 887 1005 938 magisque
1023 887 1298 935 invalesceret,
1319 899 1384 925 eos
1402 886 1559 925 demum
1568 883 1762 938 probatos

140 952 267 992 fuisse
296 943 492 990 universis
522 951 755 1003 accipimuS‚
783 964 951 1003 quorum
971 952 1095 990 oratio
1121 951 1302 1003 paullum
1328 960 1574 1004 assurgeret,
1605 960 1643 990 et
1670 964 1759 989 car-

138 1018 256 1058 minis
275 1016 568 1057 similitudinem
587 1016 761 1056 referret.
798 1017 930 1069 Atque
947 1015 1043 1055 haec
1060 1025 1168 1055 erant
1177 1045 1191 1066 ‚
1205 1030 1306 1069 quae
1326 1017 1517 1056 clamores
1533 1026 1572 1056 et
1589 1017 1761 1056 admira-

139 1084 264 1123 tiones
294 1084 336 1120 in
363 1081 560 1119 Herodoto
591 1080 777 1117 efficerent
790 1108 805 1128 ,
833 1095 923 1119 cum
951 1082 992 1119 in
1019 1080 1266 1120 celeberrimo
1294 1081 1539 1121 Graecorum
1567 1090 1762 1122 conventu

140 1147 327 1186 historias
345 1145 564 1194 recitasset5
592 1142 710 1193 haec,
739 1156 841 1195 quae
859 1144 1038 1183 Platonis
1058 1146 1215 1195 scriptis
1230 1142 1386 1185 divinos
1402 1144 1496 1184 illos
1525 1153 1662 1185 vatum
1687 1145 1763 1190 hoq

138 1224 257 1252 nores
281 1210 546 1250 conciliarent.

193 1276 297 1327 Sed,
328 1285 373 1316 ut
390 1275 554 1329 propius
572 1274 706 1324 adid,
735 1276 841 1329 quod
869 1275 982 1316 nobis
1001 1279 1244 1330 propositum
1269 1286 1350 1327 est,
1382 1279 1636 1330 accedamus3
1662 1288 1763 1318 nus0'

137 1357 258 1398 quam
279 1342 395 1382 facile
413 1341 631 1380 illustriora
650 1341 857 1396 extiterunt
874 1344 1034 1394 poeseos
1055 1343 1210 1393 studia,
1240 1356 1361 1395 quam
1381 1343 1560 1382 Athenis.
1613 1343 1662 1383 In
1681 1357 1760 1396 pu-

138 1409 255 1448 blicis
277 1406 432 1459 quidem
456 1405 679 1455 sacrificiis,
701 1419 802 1458 quae
819 1406 1004 1457 Delphici
1025 1407 1175 1446 oraculi
1194 1408 1421 1448 auctoritate
1437 1406 1758 1460 peragebantur,

138 1471 438 1513 dominabantur
457 1469 598 1508 Poetae
614 1483 771 1521 precum
791 1470 1102 1523 hymnorumque
1122 1471 1278 1521 verbis,
1308 1480 1447 1511 cantus
1464 1473 1556 1511 item
1586 1480 1623 1512 et
1649 1473 1761 1513 chori

136 1538 320 1589 rhythmo
348 1535 577 1586 composito,
608 1544 652 1573 ut
665 1536 799 1573 *omnis
819 1536 1153 1574 circumstantium
1171 1535 1289 1574 turba
1309 1536 1510 1575 flebilibus
1529 1537 1696 1577 vocibus
1716 1539 1760 1577 in

136 1602 268 1642 varios
279 1597 438 1639 affectus
454 1607 658 1651 raperetur
668 1600 742 1652 (*).
758 1598 904 1640 Verum
919 1600 1255 1639 maximeinfestis
1276 1602 1474 1653 apparuit,
1487 1611 1638 1655 quanta
1654 1610 1760 1643 esset

138 1667 242 1721 apud
278 1664 533 1706 Athenienses
570 1665 700 1717 legum
733 1673 770 1704 et
795 1677 947 1703 morum
982 1674 1018 1703 et
1053 1666 1271 1704 studiorum
1300 1668 1551 1718 conspiratio.
1617 1668 1761 1716 Quum

136 1735 238 1785 enim
262 1730 523 1782 antiquissimi
543 1743 674 1770 eorum
694 1742 804 1782 reges
824 1730 1023 1782 complura
1042 1730 1142 1769 festa
1154 1732 1413 1781 instituerint,
1430 1732 1471 1772 in
1488 1733 1553 1772 his
1570 1733 1764 1773 omnibus

136 1799 239 1837 lianc
257 1798 339 1836 vim
358 1795 533 1847 intelligo
554 1795 701 1843 fuisse,
730 1803 813 1833 non‘
826 1803 869 1834 ut
886 1796 941 1833 ita
964 1795 1221 1835 conformatos
1248 1809 1333 1835 esse
1350 1809 1480 1836 mores
1509 1799 1726 1837 existimem
1738 1815 1761 1850 ‚¹

137 1863 228 1910 sed,
256 1874 334 1913 quo
365 1873 436 1898 sua
476 1869 608 1912 sponte
636 1860 836 1900 hominum
865 1860 1019 1914 ingenia
1045 1861 1262 1911 ferrentur,
1299 1861 1350 1901 ad
1381 1862 1423 1901 id
1451 1864 1760 1903 accommodatos

136 1928 261 1967 fuisse
278 1924 457 1976 publicos
472 1924 601 1968 ludos.
633 1925 726 1972 Quo
737 1925 821 1964 loco
832 1924 1006 1965 Platonis
1025 1928 1109 1979 (**)
1140 1927 1403 1965 auctoritatem
1423 1941 1618 1979 usurpare
1629 1959 1643 1978 ‚
1657 1929 1757 1981 quid

136 1990 268 2033 vetat?
319 1986 541 2037 Laborum,
579 1989 732 2040 inquit,
772 1991 982 2041 requietem
995 2021 1010 2043 ,
1050 2005 1139 2032 cum
1174 1990 1400 2032 hominibus
1430 1991 1504 2032 Dii
1540 1995 1760 2034 concessis-

227 2106 307 2150 (⁸)
337 2114 447 2137 puro
472 2106 571 2150 Legg.
589 2107 659 2139 VII.
676 2116 716 2152 p.
736 2105 813 2142 800.
840 2108 884 2141 D.
1651 2067 1760 2110 sent,

229 2166 325 2215 (¹‘*)
349 2166 446 2211 Legg.
462 2166 503 2199 11.
526 2167 596 2201 mit.
655 2217 660 2223 .
