2060 2600
231 178 282 218 14-
797 167 1346 213 OR·A,·T10,=.

278 276 525 328 Hucusque,
548 273 694 322 A.A.,
698 272 814 311 satis
838 288 861 311 a
884 287 946 312 me
968 272 1125 314 dictum
1135 288 1219 313 esse
1250 272 1423 314 arbitror
1446 263 1493 312 de
1516 275 1665 327 origine
1686 283 1723 315 et
1746 291 1862 317 caus-

227 344 287 383 sis
317 340 578 394 Tragoedias.
633 339 764 391 Atque
794 338 878 390 jam
903 338 1051 378 multos
1078 340 1161 378 fore
1193 337 1379 378 Vestrum
1407 339 1611 391 suspicor,
1641 343 1722 395 qui
1751 344 1863 385 aliud

226 409 326 462 quid
355 423 378 445 a
406 421 473 445 me
499 413 751 463 exspectent,
775 405 928 457 quique
952 419 1168 445 sermonem
1196 418 1345 444 omnem
1372 418 1501 444 meum
1526 406 1568 445 in
1588 407 1694 468 tritis
1719 418 1756 448 et
1772 422 1864 461 per-

225 473 402 527 vulgatis
418 471 537 512 rebus
554 470 731 523 consumi
752 470 965 521 mirentur:
996 485 1098 525 quae
1132 471 1182 510 sit
1202 470 1355 510 tandem
1376 469 1414 508 Γ
1416 471 1622 524 ragoedtae
1646 473 1710 522 vis
1720 482 1862 530 tanta,

227 540 450 594 quaeritis,
475 546 522 576 ut
540 538 573 588 ej
581 549 625 574 us
647 537 928 576 commendatio
947 552 1025 577 non
1045 538 1191 576 frustra
1212 550 1235 573 a
1253 550 1314 574 me
1331 529 1511 588 suscepta
1529 537 1725 580 videatur.

282 603 536 658 Tragoedia,
565 616 643 642 non
662 601 891 654 rhetorum,
921 603 990 654 sed
1011 602 1186 643 Platonis
1212 601 1456 654 defiuitione,
1479 612 1538 643 est
1553 604 1725 647 imitatio
1737 606 1842 648 vitae
1849 616 1869 656 ,'

230 685 309 712 non
342 671 393 709 ad
420 671 571 719 risum,
600 678 644 708 ut
673 670 911 719 Comoedia,
942 669 1010 714 sed
1040 670 1097 708 rei
1125 670 1274 720 seriae,
1303 670 1437 721 gravis
1462 677 1500 708 et
1515 683 1694 723 magnae.
1749 670 1867 719 Quae

233 739 320 790 ejus
339 736 636 789 indolesquum
655 736 749 782 talis
771 736 916 785 fuerit,
946 743 1084 786 erunt,
1114 736 1249 788 opinor
1266 766 1280 785 ‚
1310 736 1380 788 qui
1402 736 1623 777 existiment
1646 750 1769 790 genus
1794 737 1868 784 hoc

232 804 283 843 ab
313 803 610 842 Atheniensium
641 802 899 841 abhorruisse
930 802 1088 841 levitate
1106 831 1120 852 ,
1158 816 1227 840 nec
1248 801 1338 839 -nisi
1371 805 1518 853 nugari
1552 803 1707 842 solitam
1742 803 1870 849 fuisse

233 868 443 915 Graeciam
456 897 470 920 ,

524 999 608 1041 Sub
640 1000 794 1039 nutrice
817 1001 953 1055 puella
976 1002 1079 1041 velat
1107 1002 1143 1041 si
1169 1001 1321 1042 luderet
1349 1002 1498 1055 irffans.

240 1133 298 1173 Ut
323 1132 469 1171 mirum
499 1132 667 1171 fortasse
693 1131 899 1179 videatur,
929 1142 965 1169 et
991 1142 1117 1168 tamen
1151 1132 1396 1170 verissimum
1428 1131 1504 1179 sit,
1534 1142 1612 1169 non
1640 1138 1789 1171 tantum
1821 1133 1874 1175 ad

237 1199 332 1238 illas
361 1196 524 1236 fabulas
551 1194 781 1247 spectandas
810 1194 1073 1234 adolescentes
1101 1196 1123 1233 a
1151 1193 1370 1246 majoribus
1410 1203 1506 1233 natu
1540 1195 1727 1235 deductos
1763 1210 1871 1249 esse,

236 1264 346 1306 velut
372 1263 414 1301 in
443 1260 653 1315 quamdam
690 1260 903 1311 sapientiae
930 1259 1201 1312 disciplinam,
1233 1261 1300 1300 sed
1339 1261 1453 1313 longe
1492 1262 1701 1301 maximam
1731 1264 1773 1303 in
1810 1264 1876 1303 his

236 1328 472 1380 spectaculis
498 1325 744 1363 audientium
763 1325 1081 1373 multitudinem,
1112 1326 1303 1362 acerrima
1338 1326 1469 1363 studia
1495 1326 1621 1364 fuisse
1646 1328 1745 1378 (*).·
1791 1328 1875 1381 Igi-

237 1404 308 1435 tur
342 1406 431 1432 cum
455 1405 502 1430 ex
535 1389 690 1429 heroica
720 1397 844 1429 aetate
863 1403 1054 1442 personas
1083 1400 1297 1430 assumeret
1325 1391 1507 1432 fortunae
1532 1393 1875 1435 vicissitudinibus

238 1463 279 1500 in
311 1461 543 1498 alterutram
574 1465 751 1508 partem,
781 1457 890 1494 vitiis
922 1457 1013 1494 item
1048 1465 1084 1495 et
1110 1455 1329 1497 virtutibus
1359 1457 1488 1495 claros
1506 1466 1542 1496 et
1559 1458 1761 1508 illustres,
1790 1461 1876 1511 pri-

182 1541 184 1543 ·
237 1540 345 1566 mum
363 1524 464 1565 illud
484 1522 821 1577 consequebatur,
855 1531 899 1562 ut
919 1522 1169 1576 quotidianae
1196 1524 1302 1565 vitae
1330 1525 1519 1577 speciem,
1551 1525 1618 1563 sed
1643 1527 1685 1565 in
1712 1524 1877 1567 sublimi

239 1593 407 1645 positam
433 1591 630 1642 exemplo,
669 1589 854 1638 referret,
894 1590 1007 1640 cujus
1050 1598 1086 1627 et
1122 1591 1203 1628 vim
1238 1590 1413 1629 universi
1443 1598 1695 1642 agnoscerent
1722 1600 1759 1629 et
1788 1605 1875 1630 ma·-

242 1659 420 1711 jestatem
446 1657 704 1708 suspicerent:
733 1664 842 1704 tum,
874 1664 919 1693 ut
944 1654 1211 1693 misericordia
1239 1664 1275 1694 et
1308 1664 1456 1695 terrore
1484 1656 1617 1694 ciendo
1637 1655 1877 1697 incredibili-

242 1733 301 1762 ter
330 1723 504 1761 homines
530 1722 594 1759 vel
627 1722 675 1760 ad
697 1722 934 1760 honestatem
959 1721 1236 1773 expetendam,
1265 1722 1329 1762 vel
1349 1721 1877 1775 adyturpitudinemfugien-

244 1790 335 1828 dam
363 1796 626 1829 commoveret.
683 1787 925 1834 Percellebat
953 1788 1054 1826 enim
1077 1788 1402 1840 spectatores-mei
1429 1788 1570 1840 partim
1596 1796 1713 1828 verae
1734 1790 1878 1840 partim

244 1855 355 1893 fictae
390 1855 571 1892 atrocitas
598 1862 633 1891 et
658 1853 908 1907 magnitudo,
937 1854 1167 1906 praesertim
1195 1868 1283 1893 cum
1304 1853 1515 1895 verborum
1543 1852 1694 1895 facibus
1724 1863 1877 1896 senten-

247 1922 476 1973 tiarumque·
489 1920 706 1973 insignibus
724 1928 897 1972 pertexta
917 1930 953 1959 et
973 1920 1208 1972 amplificata
1234 1920 1429 1960 accederet
1446 1921 1581 1961 oratio.

1779 1974 1878 2014 Ani-

296 2133 374 2181 (’)
399 2143 579 2170 mistum.
598 2135 684 2167 Itan.
706 2131 793 2168 1038
806 2133 953 2169 -1130.
1002 2144 1123 2170 ηιτο.
1150 2136 1249 2182 legg.¹
1260 2137 1301 2171 11.
1320 2147 1358 2182 p.
1377 2133 1468 2173 65&
1482 2135 1534 2173 D.
1554 2139 1696 2172 lucrm.
1721 2134 1740 2168 l·
1754 2145 1780 2167 C·
