2060 2600
184 163 209 202 6
758 155 1257 195 ORATIO.

194 265 328 318 spicue
359 262 550 316 prodere,
581 260 649 299 sed
676 260 728 298 ita
754 271 990 311 proponere,
1020 267 1065 298 ut
1099 259 1316 300 communia
1349 259 1504 309 proprie
1531 259 1660 306 dicas,
1692 260 1824 310 itaque

192 333 367 383 primum
390 337 524 380 grata,
554 334 746 377 postremo
765 336 908 375 magna
928 331 965 361 et
982 323 1120 375 gravia
1144 324 1365 362 videantur.
1422 322 1542 369 Quod
1572 325 1603 359 si
1627 324 1825 375 plerisque

192 393 442 449 perdifficile,
473 400 517 429 ut
541 399 621 438 est,
651 391 705 428 ita
728 386 884 427 videtur
894 401 906 438 3
937 388 971 425 si
997 388 1093 426 mihi
1114 388 1209 426 haec
1237 388 1389 427 dic-endi
1416 388 1618 438 provincia
1652 403 1727 426 non
1756 402 1825 426 ex-

195 460 339 511 petita,
369 456 437 495 sed
459 456 543 507 lege
562 453 740 505 imposita
763 461 843 502 est3
874 453 906 490 si
926 450 1049 491 Vobis
1066 462 1266 504 praeterea
1286 452 1487 491 acerrimis
1513 453 1642 504 iisque
1667 451 1824 491 liberri-

192 525 269 563 mis
291 532 380 562 utor
396 519 612 572 judicibus3
641 518 727 570 quis
751 518 937 567 miretur,
969 518 1002 555 si
1022 532 1083 556 me
1108 532 1195 556 cum
1217 532 1356 570 magno
1377 526 1482 556 metu
1510 518 1550 555 in
1575 519 1677 556 huno
1697 519 1823 556 locum

198 588 441 627 adscendisse
476 583 629 623 dicam?
692 582 794 628 Quis
828 596 941 635 aegre
972 583 1096 631 ferat,
1135 583 1168 621 si
1195 582 1425 622 vestrarum
1456 583 1610 621 aurium
1634 582 1823 634 judicium

203 653 454 693 reformidare
470 664 530 687 me
554 648 765 686 affirmem?
817 647 908 687 Nisi
936 648 1059 696 illud,
1089 649 1194 699 quod
1223 649 1245 685 ἐι
1264 650 1464 699 plerisque
1493 649 1534 685 in
1556 649 1642 698 ipso
1665 648 1826 684 introitu

198 716 379 757 orationis
403 714 477 753 dici
510 713 628 762 solet,
658 711 752 751 mihi
776 710 1014 750 reticendum
1039 713 1112 763 sit,
1144 714 1176 752 si
1204 726 1295 754 vere
1321 713 1491 753 dicatur:
1524 721 1592 752 aut
1622 712 1736 765 quasi
1753 712 1827 751 mi-

199 797 272 821 nus
299 783 459 819 tironem
486 781 615 817 deceat
644 780 684 816 id
708 776 913 825 ¹confiteri,
952 779 1056 829 quod
1095 779 1188 827 alii,
1227 780 1291 826 {el
1323 788 1444 816 aetate
1480 778 1693 816 confirmati
1710 806 1724 825 ,
1763 777 1829 815 vel

199 845 371 885 doctrina
392 841 592 889 instructi,
607 838 670 877 vel
689 841 815 880 studio
840 849 876 879 et
892 841 1047 896 ingenio
1067 843 1284 894 exercitati,
1297 843 1522 896 praedicare
1540 843 1588 882 de
1603 856 1644 881 se
1664 855 1740 881 non
1754 841 1828 880 du-

199 911 385 949 bitarunt.
442 907 551 955 Quid
581 908 796 958 quaeritis?
833 916 939 946 tanta
979 908 1189 947 videbatur
1222 910 1351 947 oneris
1375 910 1578 958 molestia,
1608 922 1728 960 quam
1754 906 1831 945 nisi

195 983 380 1028 perpetua
406 962 515 1012 oflicii
535 971 864 1022 consideratione,
892 973 1109 1013 incredibili
1137 975 1354 1025 industria,
1380 975 1598 1027 vestraque
1624 975 1665 1013 in
1694 972 1831 1026 primis

199 1040 465 1079 benevolentia
480 1068 493 1087 ‚
524 1038 699 1088 superari
717 1038 830 1076 nullo
846 1039 963 1077 modo
983 1052 1099 1092 posse
1118 1039 1344 1078 arbitrarer.

255 1105 368 1153 Quae
385 1103 630 1156 cogitationes
651 1103 684 1140 si
704 1103 873 1141 animum
894 1118 1020 1141 meum
1039 1105 1195 1142 anxium
1213 1114 1249 1142 et
1274 1104 1482 1143 sollicitum
1510 1103 1732 1142 habuerunt
1743 1132 1757 1152 ‚
1787 1111 1831 1142 ut

198 1183 294 1223 pene
313 1183 360 1208 ex
380 1177 433 1206 tot
454 1182 499 1207 ac
525 1168 642 1207 tantis
658 1165 949 1205 difficultatibus
969 1181 1163 1220 emergere
1181 1182 1257 1206 non
1283 1182 1399 1220 posse
1412 1167 1587 1207 viderer:
1620 1168 1720 1206 aliae
1742 1167 1833 1206 fue-

201 1245 316 1285 runt,
347 1248 448 1288 quae
478 1232 638 1273 mirifice
661 1246 722 1271 me
744 1233 936 1285 erigerent
961 1241 997 1271 et
1017 1232 1299 1272 confirmarent.
1354 1233 1531 1273 Primum
1551 1233 1677 1284 ipsius
1697 1243 1833 1286 muno,-

200 1302 255 1340 ris
272 1330 284 1349 ‚
315 1300 422 1351 quod
437 1299 534 1337 mihi
552 1297 832 1349 auspicandum
851 1306 957 1347 erat,
987 1298 1198 1349 singularis
1219 1307 1277 1336 est
1306 1311 1393 1337 cum
1419 1298 1604 1351 dignitate
1630 1294 1834 1350 conjuncta

205 1365 382 1413 utilitas,
412 1376 510 1416 quae
536 1371 577 1401 ut
603 1363 653 1401 ad
671 1363 809 1415 plures
831 1363 1046 1416 pertineat,
1075 1361 1256 1402 omnibus
1283 1362 1439 1404 viribus
1470 1364 1617 1413 enitar,
1652 1376 1715 1404 me
1735 1363 1837 1417 ⁴qui-

206 1433 292 1471 dem
317 1429 591 1469 incredibiliter
617 1429 667 1467 ad
705 1429 836 1468 laudis
870 1429 1037 1483 studium
1067 1430 1234 1469 excitare
1262 1430 1373 1469 solet.
1412 1429 1535 1469 rTum
1570 1418 1835 1483 argumentum

207 1505 290 1536 erat
311 1496 361 1535 ad
376 1495 581 1546 dicendum
601 1494 840 1547 eligendum3
870 1495 980 1547 cujus
1006 1495 1104 1534 solet
1123 1496 1276 1548 quidem
1294 1494 1459 1535 difficilis
1482 1510 1569 1535 esse
1597 1497 1700 1548 optio
1713 1524 1728 1545 ‚
1758 1495 1838 1535 dif-

206 1563 306 1601 ficile
324 1562 547 1610 consilium,
575 1574 645 1599 nec
667 1569 793 1600 tamen
812 1561 913 1600 illud
935 1562 1018 1600 sine
1048 1561 1173 1600 multa
1194 1562 1471 1612 delectatione,
1494 1562 1579 1602 sive
1607 1550 1838 1601 recordandi

208 1628 260 1666 ad
289 1627 570 1680 quaerendum,
601 1628 682 1665 sive
707 1627 905 1678 judicandi
934 1628 985 1666 ad
1020 1627 1253 1679 eligendum.
1322 1628 1484 1675 Quanta
1520 1628 1620 1666 enim
1654 1635 1691 1665 et
1717 1640 1838 1680 quam

208 1702 412 1746 praestans
443 1692 490 1728 sit
509 1691 932 1748 Veterum-Literarum
950 1692 1180 1746 disciplina,
1207 1706 1319 1732 nemo
1343 1683 1527 1733 vestrum
1556 1699 1614 1734 est
1639 1692 1709 1746 qui
1725 1692 1839 1747 igno-

211 1768 285 1809 ret.
339 1758 527 1810 Equidem
555 1773 638 1796 cum
664 1773 797 1798 eorum
831 1760 1000 1798 omnium
1030 1773 1131 1811 quae
1158 1760 1198 1797 in
1229 1759 1431 1797 hominum
1455 1760 1613 1797 scientia
1631 1768 1840 1799 versantur

213 1822 503 1875 amplitudinem
523 1830 557 1859 et
576 1830 693 1861 totum
723 1821 907 1863 ambitum
938 1832 1063 1864 mente
1087 1823 1270 1878 persequi
1300 1837 1439 1876 conor,
1468 1824 1676 1865 universae
1693 1824 1839 1866 doctri-

215 1903 288 1928 nae
310 1888 496 1939 rationem
516 1896 550 1925 et
567 1888 705 1940 ingenii
725 1890 880 1931 laudem
912 1892 963 1930 ad
981 1891 1175 1943 humanae
1204 1891 1395 1930 societatis
1422 1892 1707 1931 similitudinem
1734 1906 1840 1931 com-

214 1966 357 2006 ponere
377 1952 498 1992 soleo.
552 1951 709 2005 Ingenio
728 1955 898 2006 profecto
922 1963 958 1995 et
975 1955 1148 1995 sollertia
1159 1956 1320 2008 ,veluti
1341 1957 1545 2012 communi,
1558 1956 1725 2010 quodam
1751 1957 1840 1998 vin-

216 2020 330 2068 culo,
360 2018 595 2056 continentur
615 2028 767 2059 cuncta:
794 2023 1005 2062 multorum
1025 2032 1153 2060 autem
1171 2023 1329 2074 propior
1354 2031 1413 2061 est
1432 2023 1621 2074 societas‘
1650 2036 1839 2075 quorum-

216 2084 309 2125 dam
325 2084 482 2122 interior
500 2084 637 2135 etiam,
667 2084 986 2143 singularumque
1005 2087 1297 2141 disciplinarum
1316 2102 1406 2128 cum
1431 2088 1596 2142 singulis
1626 2087 1838 2127 arctissima

1758 2152 1841 2193 col-
