2060 2600
200 177 250 208 ιο
770 163 1279 210 ΟΗΔΤῙΟ.·

202 276 313 321 sent,
335 262 425 309 fieri
439 278 517 310 non
534 270 663 322 potuit
681 274 725 308 ut
744 278 913 321 prorsus
928 271 1173 324 quiescerent
1194 279 1231 311 et
1247 270 1500 323 languet-ente
1528 268 1598 309 sed
1621 276 1666 310 ut
1686 276 1842 322 parvus

203 335 238 376 li
264 336 449 375 continuo
472 344 581 374 motu
611 344 646 375 et
667 348 760 374 sono
788 335 1055 387 delectentur,
1082 338 1137 376 ita
1163 336 1430 388 ipsosetiam,
1461 335 1531 373 ubi
1555 337 1679 375 otium
1707 345 1835 385 esset,

211 401 445 454 corporiset
469 401 581 439 vocis
607 400 898 442 exercitationes
924 402 1141 441 delectandi
1172 414 1312 440 caussa
1339 400 1581 439 instituisse:
1609 412 1767 453 quoque
1793 415 1842 440 a·

211 468 339 506 eriore
356 475 484 507 essent
502 466 724 505 harmoniae
744 474 782 505 et
797 466 974 518 rhythmi
996 480 1112 506 sensu
1131 467 1333 515 instructi,
1355 478 1478 519 quam
1495 473 1645 503 caetera
1663 466 1844 505 animan·

211 533 299 581 tia,
328 546 372 570 eo
401 532 528 585 magis
557 541 592 580 et
611 544 747 570 vocem
774 540 812 571 et
842 541 992 571 motum
1018 533 1074 572 ita
1098 532 1386 584 composuisse,
1416 539 1461 570 ut
1490 522 1527 570 et
1545 530 1588 569 in
1607 539 1724 570 cantu
1745 540 1782 570 et
1801 532 1846 570 in

216 598 424 635 saltatione
443 610 521 635 non
540 604 687 635 tantum
709 596 983 649 singulorum,
1003 597 1071 636 sed
1088 606 1124 637 et
1143 598 1443 646 universorum,
1455 595 1639 635 decorum
1653 596 1758 635 illud
1775 609 1848 636 ex-

216 662 394 712 sisteret,
418 676 540 716 eaque
562 662 778 714 voluptatis
800 664 947 715 species
959 694 977 713 ,f
999 678 1100 716 quae
1121 665 1145 701 a
1169 664 1412 716 turpitudine
1438 663 1657 715 plurimum
1676 661 1847 701 abesset.

216 728 323 767 Hinc
347 728 512 780 primam
542 728 704 766 humani
733 730 887 781 generis
923 729 1206 769 institutionem
1233 728 1457 782 repetebat,
1492 728 1608 781 cujus
1639 716 1780 768 Musae
1811 733 1850 767 et

218 793 371 844 Apollo.
386 802 427 836 et,
450 793 633 833 Bacchus
663 803 846 833 auctores
874 804 911 834 et
928 796 1129 847 praes-ides
1150 794 1404 835 haberentur.
1460 794 1596 845 Cujus
1613 795 1669 832 rei
1688 795 1723 832 si
1747 794 1853 832 forte

220 856 409 897 historiae
427 859 559 910 potius
584 872 703 912 quam
724 859 1052 913 philosophorum
1071 861 1335 900 testimonium
1359 860 1588 914 requiritis,
1618 872 1754 898 omnes
1784 870 1854 897 ar·-

220 931 305 971 tes,
332 923 483 976 quihus.
511 925 677 976 puerilis
704 934 817 964 aetas.
829 936 866 965 et
883 927 1071 978 juventus
1098 928 1264 966 Athenis
1292 926 1568 974 imbuebatur,
1601 926 1651 963 ad
1668 924 1855 976 publico-

219 998 312 1025 rum
331 990 586 1028 certaminum
602 990 777 1029 fructum
808 999 846 1029 et
870 991 1028 1030 laudem
1058 987 1252 1044 spectasse
1277 991 1494 1044 reperietis.
1545 985 1620 1029 Nil
1648 989 1778 1030 dicam
1805 987 1859 1027 de

218 1052 440 1104 palaestrae
465 1055 632 1104 studiis,
659 1056 703 1094 in
728 1054 878 1107 quihus
894 1059 1023 1097 omnia
1052 1058 1103 1096 ad
1123 1056 1302 1107 corporis
1316 1053 1597 1106 praestantiam
1628 1061 1665 1092 et
1684 1054 1863 1105 dignita-

220 1124 303 1156 tem
325 1116 616 1156 referebantur:
646 1118 704 1157 nil
724 1118 772 1157 de
787 1120 984 1159 victorum
998 1119 1186 1157 laudibus
1197 1148 1214 1167 ,
1241 1118 1344 1157 unde
1362 1117 1545 1170 apparuit
1556 1144 1574 1165 ,
1592 1116 1636 1155 id
1656 1117 1764 1169 quod
1780 1116 1860 1154 So-

220 1180 292 1222 lon
309 1181 416 1235 apud
433 1181 654 1221 Lucianum
672 1183 748 1235 (*)
777 1183 984 1235 disputat,
1012 1192 1161 1236 quanta
1189 1184 1278 1235 ejus
1298 1182 1551 1223 contentionis
1575 1182 1642 1221 vis
1672 1189 1773 1221 esset
1804 1180 1859 1221 at!

221 1246 374 1299 gloriae
391 1248 568 1286 studium
584 1247 918 1287 inflammandum.
974 1248 1014 1287 N
1018 1261 1062 1286 os
1080 1249 1344 1287 mansuetiora
1362 1247 1435 1287 illa
1460 1246 1590 1285 studia
1611 1253 1828 1305 spectem-us
1838 1274 1858 1296 ,

225 1325 355 1367 quae,
371 1310 442 1353 uhi
455 1327 546 1354 cum
566 1312 653 1353 illis
668 1313 936 1366 asperioribus
954 1314 1161 1366 conjuncta-
1181 1323 1335 1363 essent,
1358 1328 1438 1353 non
1463 1321 1615 1352 tantum
1642 1303 1863 1365 elegantiae

229 1377 441 1429 decorique
463 1390 621 1416 sensum
639 1387 905 1429 exacuerunt,
927 1379 997 1417 sed
1015 1387 1052 1418 et
1069 1391 1202 1419 mores
1217 1379 1446 1419 utilissimis
1459 1376 1651 1430 exemplis
1669 1389 1716 1416 ac
1740 1389 1862 1430 prae·-

233 1442 356 1495 ceptis
376 1442 665 1484 instruxerunt.

286 1507 376 1547 Vos
407 1509 533 1558 enim,
565 1510 680 1548 A.A.
692 1539 707 1559 ,
741 1509 893 1560 jamdiu
930 1518 1138 1562 expectare
1168 1510 1346 1549 existimo
1381 1521 1571 1561 quorsum
1608 1508 1686 1545 ista
1716 1507 1864 1545 feram

235 1572 378 1624 Ipsum
407 1586 503 1626 vero
522 1572 771 1626 Tragoediae
789 1583 919 1613 ortum
951 1576 1160 1616 cernimus,
1203 1575 1251 1614 In
1270 1574 1550 1614 Panathenaeis
1567 1571 1729 1625 quinem
1750 1571 1869 1609 aliis-

236 1649 322 1690 que
345 1637 646 1683 Atheniensium
673 1639 785 1679 festis
810 1641 969 1679 recitari
1000 1641 1170 1679 carmina
1201 1641 1429 1691 poetarum,
1458 1638 1647 1687 Homeri,
1672 1636 1867 1685 Hesiodi,

236 1702 498 1754 Lyricorum,
536 1703 916 1756 Dithyramborum,
953 1706 1113 1745 Solonis
1140 1696 1409 1759 aliorumque,
1444 1717 1563 1757 eoque
1587 1701 1869 1741 honestissimo»
1925 1728 1929 1731 »

232 1768 387 1818 musico
411 1770 617 1810 certamine
635 1770 895 1811 adolescentes
914 1773 971 1811 uti
993 1772 1131 1811 solitos
1146 1772 1294 1820 fuisse,
1326 1785 1403 1823 quo
1419 1770 1588 1820 majores
1606 1777 1704 1806 natu*
1721 1767 1869 1805 mirum

235 1832 284 1877 iu
298 1832 459 1873 modum
476 1833 780 1887 delectarentur3
800 1836 897 1876 haec
913 1836 1056 1891 igitur,
1078 1837 1112 1876 si
1132 1837 1265 1877 minus
1283 1836 1471 1890 adipsam
1478 1832 1724 1888 Tragoediae
1740 1831 1871 1886 origi·-

239 1910 331 1939 nem
358 1913 613 1955 caussamque
636 1893 862 1952 referenda,
889 1918 967 1942 non
991 1912 1081 1943 sunt
1105 1913 1235 1943 tamen.
1253 1902 1485 1956 negligenda
1501 1901 1644 1949 nobis,
1660 1900 1730 1951 ‹pzi
1753 1898 1869 1937 Tra-

234 1963 347 2017 gicae
364 1978 500 2007 musae
520 1968 730 2009 auctoritas
748 1968 944 2025 invulgus
953 1999 972 2023 „
989 1969 1259 2024 quantafuerit
1266 1999 1288 2022 ,
1304 1968 1503 2012 declarare
1519 1965 1711 2020 cupimus·
1749 1962 1868 2068 Quiss

1730 2042 1837 2071 8171113-
1860 2070 1863 2073 .

279 2110 361 2160 ω
383 2115 477 2152 m
503 2113 556 2153 de
575 2117 781 2165 camum
